2664 4508
338 388 409 430 atvs
427 387 467 430 us
485 387 958 440 snusenurs.-csr.x111.,x1v.
1083 373 1122 432 17

82 539 85 547 ·
176 517 263 578 facile
283 517 452 578 obsistimus
470 517 581 596 (divine
601 518 680 578 enim
698 518 785 576 Plato
802 538 893 576 escam
909 517 1051 578 malorum
1072 536 1121 597 ap·

175 615 270 693 pellat
289 616 479 694 voluptatem,
493 613 572 691 quod
593 633 630 672 ea
649 612 789 673 videlicet
804 613 938 672 homines
959 614 1121 692 capiantur,

175 719 208 766 ut
229 709 316 766 hamo
342 708 462 788 pisces),
484 728 663 787 quamquam
689 707 891 766 immoderatis
918 707 1015 787 epulis
1041 719 1123 766 cerat

176 815 323 872 senectus,
340 802 465 862 modicis
489 815 586 862 tamen
610 803 750 862 conviviis
772 814 872 881 potest
893 801 1046 862 delectari.
1086 801 1122 860 Ο.

176 897 325 970 Duilium,
348 899 390 956 M.
405 898 506 967 lilium,
521 898 572 976 qui
585 899 699 958 Poenos
719 900 811 956 classe
828 897 942 976 primus
961 897 1120 968 devicerat,

176 991 351 1050 redeuntem
368 1014 385 1050 a
401 1012 485 1052 coene
504 1013 606 1052 senem
627 1012 708 1071 saepe
725 975 971 1071 videbempum
993 991 1121 1050 delecta·

175 1086 263 1144 batur
285 1088 389 1145 erebro
406 1085 551 1156 funali,et
571 1087 699 1157 tibicine,
714 1108 781 1164 ques
803 1086 860 1146 sibi
880 1087 960 1144 nullo
982 1086 1121 1164 exemplo

174 1179 307 1257 privatus
317 1193 476 1238 sumserat:
495 1193 607 1238 tentum
614 1181 740 1238 licentiae
750 1181 838 1240 dabat
850 1181 958 1258 gloria!
995 1185 1041 1238 ⁴5.
1059 1179 1121 1238 Sed

175 1274 248 1350 quid
259 1294 317 1352 ego
328 1274 417 1332 eliosl
436 1273 474 1332 ad
485 1275 631 1352 meipsum
640 1275 704 1351 jam
714 1287 854 1332 revertar.
888 1275 1022 1332 Primum
1032 1272 1122 1332 habui

174 1366 426 1446 sempersodales.
457 1367 742 1427 Sodalitatesautem
750 1367 1121 1445 mequaestoreconstitutoe

174 1461 836 1542 sunt‚sacris1daeisMagnaeMatrisacceptis.
872 1462 1026 1540 Epulehar
1034 1460 1123 1538 igitur

175 1576 244 1615 cum
267 1556 420 1615 sodalibus
441 1556 561 1615 omnino
582 1556 707 1625 modies,
722 1555 776 1615 sed
797 1568 860 1616 erat
882 1554 1003 1634 quidam
1023 1555 1122 1614 fervor

174 1651 285 1710 aetatis:
314 1671 373 1730 qua
396 1650 615 1730 progrediente,
638 1651 735 1710 omnia
758 1649 828 1710 fient
851 1650 879 1709 in
905 1649 969 1710 dies
996 1649 1120 1708 mitiore.

175 1745 285 1823 Neque
300 1746 379 1805 enim
389 1745 523 1825 ipsorum
536 1745 736 1805 conviviorum
747 1745 973 1804 delectationem
987 1745 1119 1820 volupta-

174 1841 253 1900 tibus
267 1842 397 1920 cooperis
411 1841 515 1919 magis,
530 1860 617 1919 quam
631 1853 709 1900 coetu
721 1839 881 1898 amicorum
894 1851 924 1898 et
937 1837 1121 1898 sermonibus

175 1936 327 1995 metiebar.
368 1937 452 1994 Bene
469 1935 549 1994 enim
565 1937 693 2014 majores
709 1934 800 1994 nostri
815 1934 1031 1993 accubitionem
1048 1951 1120 2012 epu·

174 2031 267 2088 larem
280 2027 453 2099 bmicomm,
468 2030 539 2107 quia
552 2029 618 2090 vitae
633 2029 868 2108 conjunctionem
880 2029 1013 2096 haberet,
1027 2027 1119 2086 couvi·
1184 2047 1185 2052 ¹

174 2123 255 2182 viam
267 2125 469 2182 nominarunt:
491 2124 605 2193 melius,
617 2144 706 2201 quam
717 2122 825 2192 Graeci,
836 2122 886 2200 qui
897 2123 952 2180 boc
963 2121 1043 2180 idem
1056 2134 1121 2179 tum

87 2247 95 2258 ·
176 2219 432 2296 compotatiouem,
447 2231 510 2276 tum
527 2217 780 2276 concoenationem
796 2229 918 2275 vocant:
938 2227 980 2284 ut,
996 2215 1075 2293 quod
1090 2214 1120 2272 in

175 2334 214 2372 eo
228 2333 338 2392 genere
352 2312 505 2372 minimum
520 2323 575 2381 est,
589 2309 621 2369 id
635 2311 765 2370 maxime
778 2310 907 2388 probare
920 2292 1080 2368 videantur.

213 2503 301 2562 XIV.
329 2509 377 2562 46.
397 2503 467 2581 Ego
490 2522 560 2561 vero
582 2513 704 2581 propter
726 2499 869 2560 sermonis
894 2497 1121 2582 delectationem

173 2598 357 2685 tempestivis
369 2618 488 2676 quoque
502 2597 642 2656 conviviis
653 2596 794 2665 delector,
805 2615 860 2654 nec
874 2613 943 2652 cum
956 2592 1120 2670 aequalibus

173 2682 341 2770 solum‚'qui
351 2691 439 2771 pauci
454 2691 614 2750 admodum
626 2701 744 2760 restent,
764 2685 818 2747 sed
841 2708 908 2748 cum
921 2701 1017 2747 vestra
1031 2687 1121 2747 etiam

173 2799 269 2856 astate,
284 2800 373 2866 atque
385 2785 557 2846 vobiscum:
578 2786 733 2862 habeoque
747 2783 892 2844 senectuti
906 2801 1042 2862 magnam
1057 2802 1120 2861 gre·

173 2881 254 2950 tiam,
266 2902 332 2959 quae
346 2881 418 2940 mihi
433 2880 575 2940 sermonis
589 2879 758 2939 aviditatem
774 2879 864 2948 auxit,
874 2877 1002 2957 potionis
1016 2890 1047 2936 et
1062 2876 1120 2936 cibi

79 2991 82 2998 ’
173 2977 298 3035 sustulit.
338 2975 469 3048 Quodsi
483 2996 572 3052 quem
593 2975 682 3033 etiem
697 2975 752 3034 ista
766 2973 914 3032 delectant
931 2971 982 3052 (ne
1002 2971 1120 3030 omnino

159 3069 287 3130 bellum
301 3071 443 3130 indixisse
456 3070 559 3129 videar
572 3069 722 3148 voluptati,
738 3070 822 3148 cujus
836 3081 880 3128 est
893 3067 983 3127 etiam
996 3067 1120 3125 fortasse

174 3165 294 3242 quidem
305 3166 448 3225 naturalis
464 3164 583 3240 motus),
598 3185 656 3224 non
669 3165 813 3243 intelligo,
826 3184 865 3222 ne
879 3162 985 3222 inistis
1000 3161 1121 3240 quidem

174 3259 374 3337 voluptatibus
387 3261 468 3339 ipsis,
483 3280 585 3319 carere
601 3280 688 3318 sensu
705 3271 897 3320 senectutem.
939 3258 992 3316 Me
1004 3275 1076 3316 vero
1090 3268 1122 3314 et
1201 3274 1204 3283 ¹

175 3354 347 3430 magisteria
365 3354 514 3414 delectant
533 3375 552 3413 a
570 3355 731 3433 majoribus
751 3354 901 3423 instituta3
924 3352 994 3411 etis
1013 3367 1120 3418 sermo,

175 3447 228 3524 qui
250 3467 334 3507 more
356 3451 502 3528 majorum
526 3469 544 3508 e
566 3470 683 3510 summo
707 3449 862 3508 adhibetur
883 3447 912 3502 in
935 3443 1066 3523 poculis3
1090 3454 1122 3501 et

174 3541 293 3622 pocula,
307 3543 384 3602 sicut
400 3545 430 3602 in
451 3545 599 3624 symposio
612 3527 818 3621 Xebophontis
835 3552 887 3607 est,
902 3539 1016 3595 minute
1034 3548 1122 3611 atque

173 3636 319 3709 rorantia;
348 3651 379 3696 et
397 3635 583 3718 'refrigeratio
602 3649 712 3706 estete,
734 3648 765 3692 et
783 3632 911 3693 vicissim
932 3643 982 3689 aut
1001 3631 1053 3702 sol,
1072 3641 1123 3689 aut

174 3732 253 3811 ignis
268 3731 417 3794 hibernus.
457 3733 537 3808 Ques
554 3733 676 3812 quidem
696 3730 786 3790 etiam
801 3728 833 3788 in
846 3725 966 3787 Sabinis
981 3724 1123 3807 persequi
