2698 4508
388 479 533 524 souurun
550 479 824 524 soraterra-car.
838 480 883 522 ιιι.
1075 467 1116 524 95

164 613 232 672 dem
244 613 276 672 in
292 611 379 672 terris
393 613 452 683 fiat,
467 597 628 691 acceptius,
644 631 734 690 quarn
752 612 881 672 concilia
897 623 1051 691 eretusque
1064 614 1116 674 ho·

162 709 284 779 minum,
303 709 374 787 jure
395 707 509 778 sociati,
529 729 596 784 quae
617 707 752 768 civitates
777 709 983 786 appellanturr
1011 709 1116 768 harum

161 817 295 864 rectores
316 815 591 871 etconservatores
607 803 677 884 hiup
694 803 822 882 profecti
841 804 901 862 huc
916 817 1116 864 revertuntur.

162 899 222 959 Hic
248 921 314 978 ego,
338 900 395 958 etsi
414 918 497 957 eram
520 897 707 976 perterritus,
729 917 789 956 non
812 911 875 957 tam
898 911 982 958 metu
1003 900 1116 971 mortis,

162 1016 249 1072 qnam
263 996 438 1054 insidiarum
453 1016 471 1053 a
485 995 569 1064 meis,
580 995 703 1072 quaesivi
717 1007 828 1064 tamen,
843 996 993 1055 viveretne
1007 997 1072 1076 ipse
1086 1010 1117 1057 et

161 1090 275 1150 Paulus
296 1104 393 1170 pater,
414 1103 445 1148 et
466 1089 525 1159 alii,
543 1109 617 1166 quos
637 1109 692 1154 nos
714 1089 875 1150 exstinctos
898 1092 1116 1153 arbitraremur.

160 1185 258 1256 Immo
278 1205 361 1258 vero,
377 1185 483 1264 inquit,
501 1185 522 1242 ii
538 1185 650 1254 vivunt,
668 1186 719 1263 qui
740 1205 781 1244 ex
802 1205 961 1264 corporum
983 1189 1117 1260 vinculis,

159 1294 314 1359 tamquam
326 1302 343 1339 e
356 1299 484 1350 carcere,
495 1279 704 1338 evolaverunt:
723 1291 913 1350 vestramne,
924 1300 989 1356 quae
1001 1281 1118 1353 dicitur,

159 1377 219 1437 vita
234 1397 314 1436 mors
329 1388 381 1435 cst
423 1374 508 1447 Quin
521 1387 554 1434 tu
570 1374 699 1454 adspicis
714 1374 751 1433 ad
765 1387 795 1433 te
808 1374 978 1433 venientem
990 1375 1119 1436 Paulum

160 1473 299 1555 patreml
331 1472 434 1545 Quem
444 1483 477 1530 ut
486 1471 557 1540 ridi,
569 1469 710 1552 equidem
722 1470 781 1528 vim
791 1470 980 1529 lacrimarum
991 1470 1119 1551 profudi.

161 1568 219 1627 Ille
231 1581 330 1628 autem
342 1588 390 1628 me
402 1567 588 1647 complexus,
600 1579 690 1644 atque
706 1567 840 1626 osculans
851 1567 925 1625 llere
934 1567 1119 1646 prohibebat.

161 1664 264 1742 Atque
285 1685 343 1743 ego
364 1676 397 1722 ut
418 1664 548 1744 primum
569 1663 640 1722 fletu
660 1683 798 1742 represso
819 1663 901 1742 loqui
919 1679 1007 1743 posse
1029 1665 1119 1744 caepi,

163 1763 286 1836 Quaeso,
297 1763 428 1842 inquam,
439 1775 523 1842 pater
536 1762 721 1822 sanctissime
737 1775 825 1841 atque
841 1763 966 1843 optime,
980 1763 1120 1842 quoniam

161 1858 236 1926 haec,
246 1871 291 1919 cst
306 1858 366 1918 vita
383 1859 427 1937 (nt
440 1859 615 1945 Africanum
637 1857 725 1917 audio
741 1858 869 1935 dicere),
884 1859 956 1940 quid
972 1880 1073 1918 moror
1088 1860 1120 1918 in

162 1953 277 2014 terrisl
297 1953 368 2031 quin
385 1955 444 2013 huc
465 1954 571 2014 advos
592 1951 694 2013 venire
713 1955 869 2033 propero'l
911 1955 983 2014 Non
1004 1967 1049 2014 ert
1069 1954 1120 2026 ita,

161 2049 261 2128 inquit
282 2050 343 2109 ille.
384 2049 453 2108 Nisi
471 2049 552 2108 enim
568 2049 653 2108 Deus
673 2048 709 2116 is,
727 2050 810 2126 cnjus
826 2051 884 2107 hoc
905 2051 1053 2128 templum
1075 2062 1122 2109 est

162 2165 264 2215 omne,
276 2145 356 2223 quod
365 2143 522 2222 conspicis,
530 2141 595 2201 istis
606 2156 636 2200 te
645 2143 777 2220 corporis
787 2142 927 2201 custodiis
937 2127 1121 2215 liberaverit,

161 2241 223 2299 hnc
244 2240 299 2298 tibi
317 2239 416 2297 aditus
437 2250 544 2316 patere
565 2257 625 2296 non
641 2249 749 2316 potest.
791 2237 941 2296 Homines
959 2239 1038 2296 enim
1056 2251 1125 2298 sunt

160 2337 221 2396 hac
237 2337 308 2415 lege
330 2334 473 2414 generati,
489 2333 541 2410 qni
558 2345 714 2392 tuerentur
733 2334 817 2392 illum
838 2333 971 2412 globum,
986 2353 1074 2410 quem
1092 2333 1124 2392 in

162 2433 221 2496 hoc
235 2431 348 2510 templo
360 2429 493 2488 medium
508 2429 602 2500 vides,
619 2449 685 2508 quae
700 2429 922 2489 terradicitur:
943 2430 1050 2512 hisque
1065 2429 1124 2488 ani-

146 2545 233 2608 'mus
247 2527 334 2586 datus
352 2540 455 2596 estex
472 2525 530 2584 illis
547 2525 736 2606 sempiternis
750 2526 962 2605 ignibus,·quae
980 2525 1076 2584 sidere
1093 2510 1131 2584 et*

167 2623 267 2689 stellas
281 2623 411 2694 vocatis;
431 2621 505 2700 quaa,⁴
513 2622 654 2700 globosae,
670 2633 701 2680 et
714 2622 857 2693 rotundae,
870 2621 976 2680 divinis
990 2622 1123 2681 animate

166 2717 325 2796 mentibus,
341 2716 435 2775 circos
456 2739 527 2778 suos
548 2719 694 2796 orbesque
715 2718 877 2778 conficiunt
898 2719 1053 2778 celeritate
1069 2719 1124 2776 mi·

167 2812 263 2887 rabili.
304 2813 410 2884 Quare
427 2823 458 2870 et
474 2813 537 2881 tibi,
552 2813 656 2885 Publi,
671 2826 702 2874 et
718 2814 777 2894 piis
794 2815 932 2874 omnibns
951 2813 1124 2873 retinendus

168 2921 214 2966 est
232 2907 346 2966 animus
362 2906 393 2965 in
410 2906 544 2966 custodia
560 2910 711 2988 corporis:
732 2930 789 2970 nec
799 2910 922 2988 <injussu
939 2911 1013 2989 ejus,
1029 2931 1049 2968 a
1064 2930 1138 2988 quo·

168 3003 219 3062 ille
236 3015 281 3062 est
297 3003 380 3061 vobis
397 3001 495 3071 datus,
508 3022 548 3059 ex
560 3001 717 3062 bominum
733 3005 793 3064 vita
810 3005 999 3084 migrandum
1017 3018 1072 3074 est,
1086 3024 1124 3062 ne

169 3118 279 3157 munus
291 3099 453 3156 humanum
470 3097 651 3174 assignatum
668 3099 771 3158 aDeo
785 3101 938 3178 defugisse
953 3097 1124 3158 videamini.

171 3193 232 3252 Sed
247 3193 298 3263 sic,
304 3192 422 3272 ¹Scipio,
433 3205 466 3252 ut
480 3213 552 3252 avus
564 3193 613 3252 hic
627 3205 705 3264 tuus,
716 3207 750 3252 ut
764 3215 830 3273 ego,
843 3195 895 3272 qui
909 3193 1052 3272 regemn,
1062 3193 1125 3270 jus·

170 3289 265 3349 titiam
276 3290 341 3348 cole
361 3300 390 3346 et
403 3289 561 3368 pietatem:
579 3310 654 3366 quae,
664 3309 734 3348 curn
745 3289 783 3348 sit
793 3289 939 3368 magneio
951 3287 1125 3366 parentibus

170 3397 200 3444 et
216 3385 400 3467 propinquis,
414 3365 525 3444 tunsio
543 3385 639 3463 patria
652 3383 784 3442 maxima
801 3396 862 3442 cst:
885 3403 922 3441 ea
934 3383 994 3439 vita
1011 3382 1061 3439 via
1081 3393 1127 3438 est

171 3482 201 3540 in
218 3484 335 3551 coelum,
351 3493 381 3540 et
394 3482 425 3540 in
438 3481 518 3540 bunc
535 3492 646 3538 coetum
665 3497 779 3546 eorum,
795 3478 847 3554 qui
858 3478 924 3555 j'arn
937 3475 1084 3545 vixerunt,
1097 3487 1128 3532 et

171 3597 295 3657 corpore
319 3577 412 3636 laxati
443 3577 529 3634 illum
550 3575 683 3632 incolunt
704 3573 813 3660 locum,
835 3591 925 3649 quem
946 3570 1030 3628 vides
1052 3571 1128 3649 (erat
1228 3561 1232 3568 ’

172 3687 272 3733 autern
292 3673 318 3732 is
340 3665 583 3753 splendidissimo
605 3668 736 3746 candore
755 3667 833 3726 inter
850 3667 983 3725 flammas
1007 3669 1127 3726 elucens

173 3769 300 3848 circus);
319 3789 409 3850 quem
422 3789 483 3839 vos,
497 3780 531 3828 nt
548 3787 566 3826 a
582 3765 682 3825 Graiis
697 3763 863 3844 accepistis,
878 3763 982 3822 orbem
998 3764 1128 3822 lacteum

173 3865 372 3944 nuncupatis:
401 3886 440 3925 ex
461 3883 521 3942 qno
541 3860 641 3928 omnia
661 3860 735 3919 mibi
755 3858 967 3940 contemplanti
987 3859 1130 3938 preclara

873 4139 884 4172 l
