2698 4508
373 473 518 518 sonnrun
537 471 970 530 scnron1s.-·csr.v11.,v111.
1093 457 1147 519 ’99

199 615 306 662 untur:
328 623 396 662 cum
418 617 518 664 nutem
539 605 579 664 ed
594 605 683 676 idem,
695 605 776 664 unde
796 607 891 665 semel
912 605 1047 686 profecta
1068 617 1146 678 sunt,

200 711 304 757 cuncta
321 711 400 758 nstra
415 699 567 770 redierint,
582 700 768 778 eandemque
782 702 872 760 totius
889 701 957 760 cosli
973 700 1146 778 descriptio·

198 811 266 850 nem
280 794 374 871 longis
388 794 549 854 intervallis
562 796 724 865 retulerint,
735 808 799 854 tum
813 796 864 854 ille
878 815 949 854 vere
963 807 1082 852 vertens
1097 815 1147 852 sn·

197 905 252 946 nus
266 888 408 966 appellari
419 901 531 966 potest:
549 889 580 947 in
592 909 651 967 quo
661 890 712 950 vix
723 889 824 948 dicere
838 890 945 960 sudeo,
954 909 1042 967 quem
1053 890 1147 948 multa

196 973 349 1042 bominum
371 985 471 1042 secula
491 979 657 1042 teneantur.
689 976 856 1062 Namque,
874 997 907 1043 nt
928 985 998 1042 olim
1019 984 1147 1042 deficere

197 1077 240 1134 sol
250 1077 420 1135 bominibus
434 1077 642 1154 exstinguique
655 1078 734 1138 visus
749 1091 805 1147 est,
817 1097 884 1136 cum
895 1077 1017 1136 Romuli
1031 1079 1146 1137 animus

195 1170 259 1230 haec
270 1171 335 1248 ipsa
345 1172 498 1248 intemplo
507 1168 689 1248 penetravit;
707 1171 749 1229 ita
759 1171 935 1248 quandoque
946 1171 1051 1230 endem
1062 1155 1146 1250 parte

195 1267 248 1336 sol,
261 1264 579 1342 eodemque-tempore
590 1265 699 1322 iterum
710 1255 863 1333 defecerit,
874 1273 937 1323 tum
951 1265 1043 1343 signis
1056 1267 1148 1325 omni·

194 1359 250 1418 bus
274 1359 312 1418 ed
333 1359 415 1418 idem
435 1358 625 1437 principium,
645 1359 796 1436 stellisque
818 1359 971 1430 revocatis,
995 1343 1147 1438 expletum

195 1473 308 1513 sunum
328 1454 456 1512 habeto:
481 1453 569 1531 hujus
591 1451 710 1530 quidem
731 1453 799 1512 anni
819 1453 952 1512 nondum
972 1455 1148 1532 vigesimam

195 1562 315 1628 partem
335 1548 409 1608 scito
432 1563 499 1608 esse
522 1567 702 1608 conversam.
742 1548 902 1620 Quocirca,
923 1548 948 1606 si
969 1548 1095 1608 reditum
1117 1549 1148 1606 in

111 1675 113 1680 ν
193 1644 276 1702 hunc
294 1645 392 1704 locum
413 1643 625 1722 desperaveris,
642 1644 672 1702 in
691 1665 749 1721 quo
774 1644 873 1702 omnin
895 1656 965 1702 sunt
984 1644 1101 1722 magnis
1118 1655 1149 1703 et

194 1739 400 1817 praestnntibns
413 1735 501 1809 siris;
524 1731 630 1816 quanti
643 1738 765 1798 tandem
782 1751 828 1798 est
844 1739 899 1798 ista
915 1739 1068 1798 bominum
1086 1741 1149 1818 glo-

193 1834 250 1903 ria,
265 1854 330 1911 qum
344 1834 494 1912 pertinere
508 1834 559 1892 vix
576 1833 615 1892 ed
628 1834 715 1892 unius
728 1834 796 1892 enni
811 1847 928 1912 partem
940 1834 1082 1914 exiguam
1096 1854 1148 1913 po-

191 1928 273 1990 teetl
313 1929 409 2006 Igitur
422 1929 481 1986 alte
496 1923 633 2006 spectare
648 1927 672 1986 si
685 1930 776 1998 voles,
791 1932 879 2005 ntq'ue
892 1929 969 1987 benc
987 1928 1101 1999 sedem,
1117 1939 1149 1987 et

190 2035 339 2083 reternsm
360 2023 483 2082 domum
506 2021 657 2092 contueri;
685 2041 785 2098 neque
809 2035 840 2080 te
860 2024 1045 2082 sermonibus
1066 2023 1149 2102 vulgi

191 2117 325 2187 dederis,
341 2137 399 2174 nec
420 2116 450 2174 in
471 2115 602 2192 praemiis
622 2115 759 2172 humenis
780 2135 865 2192 spem
887 2117 1024 2193 posueris
1047 2137 1149 2176 rerum

190 2225 333 2272 uterum:
362 2209 422 2268 suis
443 2221 474 2266 te
496 2220 613 2285 oportet
632 2208 784 2266 illecebris
800 2208 865 2285 ipsa
881 2209 972 2267 virtus
994 2210 1090 2268 trahet
1112 2211 1150 2268 sd

191 2325 302 2376 verum
324 2304 437 2370 decus:
460 2301 534 2380 quid
556 2301 594 2360 de
618 2314 648 2360 te
673 2302 722 2360 elii
746 2293 911 2379 loquantur,
932 2303 991 2381 ipsi
1011 2303 1148 2375 videsnt3

193 2400 251 2462 sed
270 2401 430 2477 loquentur
452 2410 561 2457 temen.
602 2397 708 2456 Sermo
731 2410 830 2456 cutem
855 2397 950 2456 omnis
971 2397 1034 2468 ille,
1049 2411 1079 2456 et
1100 2417 1150 2457 sn-

90 2491 93 2496 ’
195 2495 303 2578 gustiis
321 2494 451 2573 cingitur
466 2492 502 2550 iis
519 2492 685 2570 regionum,
700 2512 773 2570 quas
786 2491 879 2582 vides,
894 2513 951 2552 nec
967 2513 1096 2570 unquam
1110 2493 1150 2552 de

195 2593 261 2650 ullo
273 2590 414 2670 perennis
429 2587 494 2658 fuit,
512 2599 542 2646 et
560 2587 694 2646 obruitur
710 2588 863 2648 homiuum
880 2587 1009 2660 interitu,
1027 2601 1058 2648 et
1077 2588 1151 2646 obli-

196 2685 286 2749 vione
302 2684 484 2764 posteritatis
498 2683 704 2762 exstinguitur.

239 2876 329 2940 VIII.
347 2875 426 2948 Quae
437 2895 505 2934 cum
517 2873 648 2944 dixisset,
657 2875 726 2954 Ego
734 2895 815 2947 vero,
824 2875 953 2954 inquam,
962 2876 990 2936 Ο
998 2877 1149 2948 Africano,

200 2971 226 3030 si
239 2971 361 3048 quidem
373 2960 579 3029 benemeritis
594 2970 839 3048 de'pstris'qunsi
853 2972 939 3030 limes
953 2970 991 3030 ad
1005 2973 1074 3030 coeli
1088 2973 1150 3031 adi-

200 3077 264 3124 tum
273 3077 363 3142 patet,
374 3085 552 3142 quamquem
567 3052 724 3144 spueritie
734 3065 864 3144 vestigiis
875 3067 1022 3144 ingressus
1036 3067 1149 3145 patriis,

203 3171 234 3217 et
249 3159 317 3230 tuis,
331 3159 431 3218 decori
444 3159 543 3218 vestro
562 3180 622 3218 non
639 3159 737 3232 defui3
759 3182 838 3220 nuno
855 3167 964 3230 temen,
978 3172 1058 3218 tanto
1076 3180 1151 3236 prns-

200 3252 261 3311 mio
273 3254 432 3332 proposito,
446 3255 541 3314 enitar
557 3243 653 3314 multo
666 3256 843 3334 vigilantius.
884 3257 926 3316 Et
939 3255 1001 3325 ille,
1017 3255 1065 3313 Tu
1079 3275 1150 3312 vero

202 3346 323 3416 dnitere,
338 3361 368 3406 et
387 3348 429 3407 sic
446 3350 562 3420 habeto,
576 3371 636 3408 non
657 3337 722 3408 esse
742 3363 772 3408 te
792 3352 957 3419 mortalem,
971 3348 1025 3407 sed
1043 3368 1150 3425 corpus

199 3442 264 3503 hoc.
312 3443 382 3502 Nec
406 3443 485 3502 enim
509 3455 542 3502 tu
565 3465 607 3514 es,
629 3465 718 3521 quem
741 3443 835 3501 formu
858 3443 913 3500 ista
933 3442 1075 3510 declarat,
1097 3440 1150 3500 sed

115 3525 121 3532 ’
199 3559 284 3598 mens
301 3540 444 3618 cujusque
460 3538 486 3598 is
503 3551 548 3598 est
569 3538 706 3616 quisque,
722 3557 783 3594 non
799 3555 837 3593 es
855 3536 959 3612 figura,
974 3555 1041 3612 ques
1058 3536 1151 3614 digito

201 3633 396 3693 demonstrari
406 3646 513 3712 potest.
554 3633 656 3692 Deum
666 3643 696 3689 te
707 3630 798 3708 igitur
811 3629 884 3688 scito
895 3649 976 3690 esse:
994 3631 1018 3688 si
1030 3630 1151 3709 quidem

201 3728 275 3788 deus
292 3741 346 3800 est,
364 3729 415 3807 qui
428 3730 519 3808 viget,
533 3728 582 3805 qui
599 3727 697 3797 sentit,
710 3725 763 3804 qui
781 3724 923 3795 meminit,
938 3725 989 3803 qui
1005 3725 1150 3806 providet,

201 3825 252 3902 qui
263 3837 326 3886 tem
342 3824 428 3902 regit,
443 3837 473 3884 et
486 3822 665 3894 moderatur,
679 3834 709 3882 et
725 3833 825 3880 movet
837 3820 868 3882 id
881 3841 999 3903 corpus,
1014 3821 1062 3882 cui
1076 3841 1154 3902 prae-
