2664 4508
179 349 221 408 20
407 360 440 401 ar.
457 358 487 400 r.
504 355 667 401 mensoris
685 353 767 425 carc
786 351 899 406 ueros,

180 515 215 554 ac
229 491 367 572 stirpium
381 487 585 550 minutissimis
601 486 764 546 seminibus
778 496 872 543 tantos
887 496 1006 544 truncos
1019 505 1133 548 ramos·

179 608 239 666 quc
262 599 409 666 procreat.
460 582 606 654 Malleoli,
627 584 746 670 plantae,
768 591 924 650 sarmenta,
946 579 1133 655 viviradices,

180 682 369 763 propagines,
383 701 481 738 nonne
501 699 538 738 ea
558 677 698 746 efficiunt,
713 689 746 734 ut
762 674 897 754 quemvis
918 695 986 734 cum
1007 677 1133 740 admira·

180 779 261 837 tione
279 776 448 836 delectanti
489 773 570 832 Vitis
587 773 711 850 quidem
728 791 795 848 quae
815 783 923 828 natura
943 771 1057 832 caduca
1076 787 1132 846 est,

180 885 219 946 st,
236 873 291 932 nisi
308 873 381 931 fulta
400 871 446 941 sit,
464 869 502 928 sd
522 881 633 928 terram
652 867 762 937 fertur:
788 865 903 935 eadem,
921 878 954 923 ut
973 886 1005 925 ss
1026 868 1131 948 erigat,

181 966 332 1033 claviculis
352 966 422 1036 suis,
440 965 526 1045 quasi
546 963 691 1031 menibus,
709 960 854 1039 quidquid
873 973 919 1018 est
940 974 1035 1032 nacta,
1053 984 1132 1022 com·

179 1062 339 1140 plectitur:
365 1081 463 1139 quam,
474 1070 647 1138 serpentem
667 1055 823 1135 multiplici
840 1057 926 1134 lapsu
947 1070 977 1114 et
997 1059 1130 1130 erratico,

180 1156 261 1214 ferro
276 1169 429 1236 amputans
443 1164 562 1214 coercet
576 1173 624 1232 ars
641 1151 846 1230 agricolarum,
861 1171 899 1208 ne
917 1151 1055 1211 silvescat
1071 1174 1131 1212 sar·

180 1250 297 1320 mentis,
315 1265 346 1310 et
366 1251 397 1308 in
417 1270 519 1309 omnes
539 1261 638 1327 partes
659 1247 750 1305 nimia
768 1246 919 1306 fundatur.
960 1252 1007 1305 53.
1026 1248 1130 1326 Itaque

180 1344 300 1406 ineunte
315 1365 385 1406 vers
399 1346 430 1404 in
444 1346 489 1416 iis,
504 1364 570 1422 quaa
583 1342 686 1402 relicta
703 1354 781 1412 suut,
796 1342 912 1400 exsistit
928 1355 1079 1419 tamquam
1093 1343 1131 1404 ad

180 1441 323 1500 articulos
346 1454 560 1500 sannentorum
585 1459 622 1498 ea
645 1459 711 1515 quae
739 1457 859 1520 gemma
881 1437 1005 1511 dicitur:
1036 1459 1133 1517 aqua
1189 1516 1193 1520 ⁵

180 1535 280 1593 oriens
297 1556 356 1593 uva
376 1555 442 1594 sese
461 1534 604 1593 ostendit:
627 1554 693 1611 quae
711 1547 742 1592 et
761 1553 850 1592 succo
869 1547 964 1604 terras,
982 1548 1013 1594 et
1033 1538 1132 1598 calore
1168 1541 1172 1548 '

180 1629 250 1688 solis
264 1649 429 1706 augescens
439 1629 536 1708 primo
546 1640 590 1686 est
600 1631 768 1708 peracerba
776 1642 904 1708 gustatu,
916 1629 1026 1688 deinde
1039 1644 1132 1690 matu-

179 1736 243 1782 rata
264 1723 415 1794 dulcescit,
437 1724 603 1802 vestitaque
627 1724 786 1803 pampinis,
810 1744 865 1783 nee
887 1725 1005 1784 modico
1026 1738 1132 1805 tepora

181 1832 270 1890 caret,
285 1832 317 1878 et
333 1818 439 1878 nimios
455 1819 525 1878 solis
542 1818 675 1878 defendit
692 1818 820 1880 ardores.
862 1820 935 1892 Qua
951 1820 1023 1899 quid
1035 1834 1133 1900 potest

180 1934 247 1974 esse
266 1936 335 1974 cum
354 1914 452 1973 fructu
471 1914 577 1984 laetius,
594 1927 658 1973 tum
682 1914 823 1994 adspectu
847 1916 1019 1995 pulchriusl
1048 1917 1133 1996 eujus

182 2009 302 2087 quidem
324 2031 385 2069 non
406 2011 517 2068 utilitas
540 2030 589 2069 me
612 2011 719 2079 solum,
738 2023 770 2070 ut
794 2024 862 2070 ante
880 2011 952 2080 dixi,
969 2011 1023 2070 sed
1040 2012 1133 2070 etiam

181 2108 305 2177 cultura,
320 2119 351 2165 et
365 2105 430 2185 ipse
446 2118 551 2166 natura
567 2105 716 2166 delectat:
731 2105 986 2188 ⁸adminiculorum
1004 2107 1132 2178 ordines,

181 2202 311 2281 capitum
319 2203 447 2282 jugatio,
458 2203 594 2282 religatio
608 2215 639 2262 et
652 2202 829 2282 propagatio
843 2201 956 2272 vitium,
971 2216 1132 2262 sarmento-

180 2318 305 2377 rumque
320 2320 364 2372 aa,
375 2321 464 2379 quam
478 2299 550 2370 dixi,
562 2300 685 2359 aliorum
699 2298 872 2376 amputatio,
884 2297 1009 2357 aliorum
1023 2298 1133 2356 immis-
1183 2349 1186 2356 .

179 2394 232 2454 sio.
273 2395 356 2467 Quid
372 2417 431 2475 ego
444 2395 642 2472 irrigationes,
665 2394 739 2475 quid
761 2392 905 2452 fossiones
922 2393 996 2471 agri,
1010 2393 1132 2472 repasti-

179 2490 373 2568 nationesque
390 2489 548 2568 proferam,
566 2489 673 2565 quibus
689 2489 721 2548 fit
737 2488 830 2547 multo
850 2499 929 2546 terra
946 2488 1132 2548 foecundiori

180 2587 228 2642 54.
245 2584 329 2656 Quid
340 2584 379 2642 de
393 2583 519 2642 utilitate
530 2585 634 2660 loquar
646 2581 852 2642 stercorandil
874 2582 937 2640 dixi
951 2583 980 2640 in
994 2603 1031 2642 eo
1045 2583 1132 2654 libre,

180 2697 272 2755 quem
289 2677 327 2736 de
344 2678 433 2736 rebus
450 2677 567 2738 rusticis
583 2679 707 2758 scripsi:
729 2679 767 2736 de
785 2698 845 2756 qua
862 2678 965 2737 doctus
980 2678 1132 2738 Hesiodus

178 2793 218 2830 ne
234 2773 360 2832 verbum
377 2774 499 2851 quidem
515 2773 593 2845 facit,
611 2794 679 2833 cum
695 2775 734 2834 de
752 2776 869 2834 cultura
891 2774 954 2852 agri
970 2775 1131 2834 scriberet:

180 2879 211 2926 at
223 2867 387 2938 Homerus,
398 2868 450 2944 qui
464 2869 572 2938 multis,
587 2882 620 2928 ut
633 2869 706 2929 mihi
719 2870 846 2941 videtur,
862 2882 930 2929 ante
945 2869 1053 2928 seculis
1066 2870 1131 2940 fuit,

139 2937 150 2979 i
181 2961 323 3022 Laertem
336 2963 499 3022 lenientem
512 2964 702 3036 desiderium,
718 2965 797 3043 quod
812 2965 949 3044 capiebat
966 2965 1068 3036 efilio,
1083 2987 1132 3025 eo·

178 3059 292 3117 lentem
317 3079 429 3136 agrum,
454 3072 485 3118 et
509 3079 579 3118 eum
605 3073 817 3120 stercorantem
841 3060 919 3120 facit
968 3061 1036 3120 Nec
1060 3082 1131 3120 vero

178 3153 331 3232 segetibus
345 3155 494 3224 solum,·et
503 3154 603 3234 pratis,
615 3167 645 3214 et
655 3157 758 3227 vineis,
769 3170 800 3215 et
814 3157 938 3216 arbustis
952 3175 1001 3214 res
1014 3156 1132 3216 rusticae

177 3250 255 3308 laetae
275 3262 360 3322 sunt:
385 3249 438 3308 sed
455 3250 547 3308 etiam
562 3250 654 3308 hortis
676 3263 706 3310 et
721 3251 880 3330 pomariis:
902 3264 965 3310 tum
979 3251 1131 3330 pecudum

177 3358 274 3424 pastu,
286 3345 387 3425 apium
401 3345 597 3416 examinibus,
608 3347 717 3406 florum
731 3349 862 3407 omnium
872 3348 1024 3407 varietate.
1063 3347 1132 3406 Nec

178 3441 354 3500 consitiones
372 3442 462 3501 modo
479 3443 637 3513 delectant,
651 3442 705 3501 sed
722 3443 812 3502 etiam
829 3443 1000 3504 insitiones:
1023 3443 1131 3522 quibus

177 3536 250 3594 nibil
263 3538 372 3596 invenit
386 3539 567 3618 agricultura
581 3538 737 3599 sollertius.

216 3723 304 3784 XVI.
325 3732 372 3784 55.
389 3729 517 3788 Possum
533 3731 671 3808 persequi
688 3731 780 3790 multa
796 3730 1013 3789 oblectamenta
1029 3743 1130 3784 rerum
