2698 4508
217 451 262 510 98
566 464 598 506 u.
615 465 644 506 r.
662 463 823 514 mosacum

216 597 327 677 ¹partim
336 595 478 672 obliquos,
488 595 596 672 partim
606 607 798 665 transversos,
807 595 916 673 partim
927 596 1017 659 etiam
1028 599 1167 658 advorsos

220 704 296 750 stare
311 689 410 752 uobis:
433 688 567 765 aquibus
582 704 742 769 expectare
756 690 880 767 gloriam
894 704 974 749 certe
988 693 1100 752 nullam
1113 714 1166 772 po-

219 785 308 843 testis.
351 783 455 862 Cernis
478 798 578 843 autem
600 785 726 848 eandem
749 797 866 856 terram,
884 787 968 863 quasi
989 789 1167 865 quibusdam

215 879 384 936 redimitam
401 891 432 936 et
448 879 659 938 circumdatam
676 879 817 957 cingulis3
839 880 977 958 equibus
994 882 1068 942 duos
1084 903 1166 943 max·

217 975 275 1031 ime
290 974 366 1032 inter
383 994 415 1031 ss
429 973 571 1044 diversos,
585 987 619 1038 ,et
636 974 703 1034 coeli
717 975 876 1038 verticibus
892 976 965 1056 ipsis
983 998 1022 1036 ex
1039 991 1165 1054 utraque

216 1081 300 1146 parte
317 1068 467 1139 subnixos,
486 1069 649 1146 obriguisse
665 1069 773 1148 pruina
788 1069 889 1142 vides,
914 1071 1046 1132 medium
1066 1085 1166 1132 autem

185 1153 191 1164 ’
217 1162 311 1233 illum,
334 1177 364 1222 et
387 1164 560 1234 maximum,
580 1165 649 1222 solis
674 1165 779 1228 asdore
802 1167 927 1224 torreri:
957 1166 1031 1231 duos
1051 1168 1165 1226 habita·

178 1299 182 1306 .
217 1255 300 1326 biles,
315 1277 440 1334 quorum
453 1255 588 1315 australis
606 1256 667 1327 ille,
683 1257 716 1314 in
735 1277 795 1336 quo
814 1258 864 1335 qui
881 1259 1031 1330 insistunt,
1043 1259 1167 1319 adversa
1188 1317 1191 1324 ,

218 1353 300 1420 uobis
321 1366 427 1431 urgent
439 1350 573 1429 vestigia,
590 1351 663 1410 nihil
684 1352 721 1410 ad
737 1366 877 1416 vestrum·
889 1373 993 1432 genus.
1034 1353 1095 1412 Hic
1114 1374 1166 1412 au·

218 1462 281 1508 tem
298 1451 373 1528 alter
387 1448 539 1525 subjectus
558 1447 696 1524 aquiloni,
711 1467 802 1524 quem
815 1447 951 1518 incolitis,
966 1468 1063 1518 cerne,
1078 1468 1167 1525 quam

218 1543 300 1600 tenui
314 1531 365 1600 vos
378 1555 462 1619 parte
480 1541 648 1618 contingat:
661 1541 765 1607 ,omnis
779 1541 859 1606 enim
873 1554 961 1612 terra,
972 1555 1043 1619 ‘quae
1061 1543 1168 1602 colitur

218 1655 236 1694 a
249 1637 341 1706 vobis,
353 1649 476 1714 angusta
488 1636 657 1706 verticibus,
667 1636 809 1694 lateribus
822 1637 917 1705 latior,
928 1642 1020 1713 parva
1032 1637 1168 1713 quasdam

217 1731 313 1790 insula
334 1743 389 1802 est,
407 1731 585 1798 circumfusa
604 1732 657 1789 illo
681 1731 764 1800 mari,
782 1729 861 1806 quod
876 1731 1071 1802 Atlanticum,
1087 1732 1168 1808 quod

218 1827 477 1904 Magnum„quem
491 1826 644 1892 Oceanum
659 1825 814 1903 appellatis
828 1825 859 1882 in
873 1825 979 1886 torris:
1002 1826 1171 1904 quitamen,

217 1934 296 1978 tanto
310 1921 439 1991 nominc,
455 1941 544 1999 quam
558 1921 596 1988 sit
608 1920 829 1998 parvus,vides.
870 1919 921 1998 Eu
934 1920 979 1978 his
993 1921 1066 1999 ipsis
1080 1922 1167 1985 cultis

216 2016 354 2093 notisque
377 2016 471 2086 terris,
489 2037 561 2074 num
585 2028 637 2074 aut
658 2027 743 2074 tuum
767 2027 818 2074 aut
841 2016 1015 2094 cujusquam
1036 2028 1169 2075 nostrum

216 2113 399 2181 nomen,ch
416 2111 583 2169 Caucasum
607 2112 696 2179 hunc,
717 2131 808 2188 quem
831 2110 937 2182 cernis,
958 2110 1169 2170 transcendere

218 2207 326 2287 potuit,
351 2208 398 2266 vel
427 2206 512 2264 illum
536 2206 676 2284 Gangem
702 2205 841 2266 tranarol
890 2205 968 2278 Quis
993 2206 1023 2266 in
1045 2205 1169 2283 reliquis

220 2302 348 2372 orientis,
365 2314 414 2370 aut
431 2301 567 2360 obeuntis
583 2302 653 2360 solis
670 2301 785 2371 ultimis,
804 2313 855 2360 aut
871 2301 1028 2386 aquilonis,
1043 2301 1170 2359 austrive

218 2399 354 2477 partibus
369 2411 453 2455 tuum
466 2417 577 2456 nomen
591 2397 715 2457 audisti
756 2396 876 2468 Quibus
893 2396 1058 2474 amputatis,
1074 2396 1170 2460 cernis

219 2493 359 2572 profecto,
371 2492 486 2570 quantis
500 2493 530 2553 in
545 2491 687 2570 angustiis
697 2503 795 2550 vestra
807 2511 839 2548 se
854 2490 947 2568 gloria
962 2489 1078 2548 dilatari
1089 2490 1170 2548 volit.

220 2587 283 2666 Ipsi
298 2600 406 2659 autem,
421 2588 472 2666 qui
485 2587 523 2647 de
536 2587 620 2646 vobis
633 2587 804 2663 loquuntur,
819 2585 973 2662 quamdiu
987 2586 1171 2662 loquanturi

259 2778 332 2837 VII.
354 2778 538 2851 Quinetiam,
551 2779 577 2835 si
593 2779 696 2855 cupiat
711 2778 811 2854 proles
828 2777 881 2833 illa
895 2775 1061 2834 futurorum
1076 2775 1170 2834 homi-

219 2894 291 2932 num
309 2874 451 2951 deinceps
468 2871 570 2932 laudes
590 2871 824 2949 uniuscujusque
844 2883 978 2928 nostrum
1000 2890 1018 2928 a
1038 2869 1171 2948 patribus

222 2980 359 3047 acceptas
373 2968 498 3047 posteris
512 2966 656 3046 proder03
674 2977 773 3024 tamen
783 2976 906 3044 propter
919 2963 1070 3048 eluviones
1085 2983 1171 3022 exus·

221 3063 375 3141 tionesque
393 3075 549 3132 terrarum,
563 3081 636 3139 quas
654 3061 791 3120 accidere
805 3072 938 3138 tempore
953 3071 1035 3118 certo
1048 3071 1171 3118 neccsse

222 3171 277 3230 est,
293 3179 354 3217 non
375 3158 462 3216 modo
484 3168 634 3228 aetsmam,
656 3155 710 3214 scd
725 3176 764 3214 ne
782 3154 950 3214 diuturnam
967 3154 1089 3230 quidem
1110 3155 1171 3231 glo*

222 3255 297 3314 riam
321 3253 440 3332 assequi
465 3271 629 3330 possumus.
678 3249 764 3322 Quid
787 3261 886 3308 autem
913 3249 1045 3318 interest,
1067 3248 1172 3318 abiis,

220 3349 275 3428 qui
296 3362 399 3428 postea
419 3360 586 3417 nascantur,
603 3364 772 3404 sermonem
789 3345 853 3402 fore
874 3344 913 3402 de
934 3356 974 3413 te,
992 3364 1059 3403 cum
1083 3344 1120 3404 ab
1136 3344 1173 3402 iis

222 3447 323 3504 nullus
333 3444 432 3514 fucrit,
443 3443 493 3521 qui
504 3455 571 3502 ante
582 3441 642 3501 nati
651 3441 738 3500 susti
747 3439 798 3517 qui
811 3459 868 3497 nec
879 3439 1044 3519 pauciores,
1052 3453 1082 3498 et
1092 3451 1173 3497 certe

223 3541 363 3602 meliores
380 3539 498 3598 fuerumt
513 3537 587 3596 viri:
613 3556 682 3595 cum
698 3533 864 3613 praesertim
885 3535 966 3613 apud
982 3555 1034 3593 sos
1051 3535 1140 3613 ipsos,
1156 3553 1175 3592 a

224 3635 331 3714 quibus
355 3634 451 3694 audiri
471 3653 580 3692 nomen
602 3643 737 3690 nostrum
761 3641 865 3708 potest,
883 3649 972 3688 nemo
994 3629 1082 3688 unius
1106 3628 1174 3687 anni

224 3731 400 3790 memoriam
423 3727 564 3805 consequi
586 3726 698 3806 possit:
729 3725 865 3784 homines
888 3725 968 3783 anim
992 3723 1176 3804 populariter

226 3846 337 3887 annum
350 3823 557 3886 tantummodo
570 3821 649 3892 solis,
663 3820 694 3878 id
709 3820 867 3892 astasius
881 3819 962 3890 astri,
975 3819 1077 3876 reditu
1091 3818 1175 3876 meti·
