2698 4508
215 456 275 515 los
538 465 685 509 coenatu
705 463 836 505 rarorrs

213 603 297 681 cujus
310 601 410 678 fugam
425 595 552 676 pecunia
565 593 736 654 sublevavit
776 594 833 662 Ac,
844 613 884 650 ne
897 591 948 649 illa
962 591 1159 668 peregrinatio

212 695 420 756 detrimentum
432 691 552 768 aliquod
564 691 681 748 afferrat
691 689 736 746 rei
746 687 890 756 familiari,
902 686 1008 744 eodem
1022 706 1158 764 maguam

211 803 327 869 partem
338 787 521 847 fortunarum
534 785 652 863 trajecit
664 803 794 844 suarum.
835 782 896 840 Hic
910 782 950 840 ita
961 781 1042 851 vixit,
1053 795 1085 839 ut
1097 781 1160 839 uni·

212 884 303 944 versis
313 877 544 940 Atheniensibus
555 879 661 938 merito
672 891 749 938 esset
760 877 933 937 carissimus.
964 877 1044 935 Nam
1054 889 1161 955 praeter

212 979 348 1059 gratiam,
363 999 429 1055 quae
439 978 504 1056 jam
517 977 548 1034 in
563 975 781 1034 adolescentulo
796 995 903 1053 magna
916 985 990 1042 eret,
1004 993 1084 1052 saepe
1098 973 1160 1032 suis

212 1075 319 1154 opibus
341 1073 472 1151 inopiam
496 1081 598 1130 ebrum
620 1072 770 1151 publicam
790 1072 907 1130 levavit.
934 1127 938 1134 ,
956 1070 1060 1143 Quum
1081 1071 1160 1128 enirn

212 1189 365 1228 versuram
377 1167 476 1228 facere
490 1167 609 1246 publice
626 1187 750 1226 necesse
767 1178 855 1235 esset,
868 1186 967 1242 neque
981 1167 1046 1244 ejus
1060 1165 1160 1224 condi-

212 1265 327 1323 tionem
347 1276 463 1340 ae'quam
483 1261 645 1321 haberent:
674 1281 792 1340 semper
815 1282 847 1321 se
869 1261 1054 1339 interposuit,
1072 1272 1160 1337 atque

213 1361 263 1428 ita,
284 1373 435 1436 utusque
457 1378 576 1415 usuram
600 1377 743 1434 umquam
763 1357 801 1414 ab
821 1355 859 1414 iis
882 1354 1039 1434 acceperit,
1061 1375 1160 1432 neque

213 1453 342 1530 longius,
361 1473 450 1529 quam
472 1451 583 1510 dictum
607 1464 695 1520 esset,
713 1450 823 1508 debere
845 1469 948 1528 passus
971 1449 1017 1510 sit.
1067 1449 1161 1521 Quod

213 1559 370 1622 utrumque
383 1558 448 1603 erat
458 1545 493 1602 iis
507 1547 644 1603 salutare.
684 1544 764 1602 Nam
778 1563 875 1620 neque
889 1544 1070 1622 indulgendo
1080 1545 1159 1607 inve-

213 1653 361 1698 terascere
379 1658 481 1696 eorum
501 1658 542 1696 ass
563 1638 694 1695 alienum
712 1637 888 1714 patiebatur,
905 1658 1002 1715 neque
1020 1639 1159 1718 multipli-

212 1732 314 1792 candis
333 1733 430 1790 usuris
451 1752 593 1792 crescere.
632 1732 728 1790 Auxit
743 1731 800 1789 hoc
816 1731 946 1793 officium
965 1732 1025 1790 alia
1041 1755 1160 1812 quoque

211 1827 395 1888 liberalitate.
436 1826 516 1886 Nam
529 1826 682 1886 universos
695 1825 844 1884 frumento
857 1824 984 1897 donavit,
999 1826 1042 1884 ita
1054 1840 1087 1887 ut
1103 1829 1160 1886 sin-

210 1920 288 2000 gulis
302 1939 355 1978 sex
369 1917 460 1976 modii
473 1917 563 1976 tritici
572 1917 730 1979 darentur:
751 1917 802 1996 qui
817 1918 924 1976 modus
937 1938 1083 1978 mensurae
1098 1939 1162 1978 me-

157 2037 159 2042 ·
210 2015 327 2079 diurnus
342 2013 469 2074 Athenis
483 2015 658 2093 appelletur.

219 2267 221 2274 ,
254 2203 313 2263 III.
330 2203 392 2262 Hic
407 2216 505 2262 antem
517 2203 561 2262 sic
575 2223 607 2262 se
622 2204 753 2282 gerebat,
765 2215 797 2262 ut
810 2202 973 2262 communia
983 2202 1101 2274 infimis,
1111 2225 1165 2282 par

215 2299 398 2378 principibus
417 2299 581 2367 rideretur.
622 2299 694 2371 Quo
716 2299 828 2358 factum
848 2311 904 2368 est,
921 2310 954 2355 ut
969 2299 1039 2358 huic
1060 2319 1163 2372 omues

214 2395 351 2465 bonores,
366 2414 440 2472 quos
456 2406 585 2472 possent,
599 2394 720 2470 publice
733 2395 877 2466 baberent
893 2393 1045 2470 civemque
1063 2393 1161 2454 facere

215 2489 385 2559 studerent;
406 2509 466 2564 quo
483 2485 628 2545 beneficio
643 2487 697 2544 ille
713 2487 756 2544 uti
776 2489 878 2558 noluit.
918 2487 1011 2559 Quod
1029 2490 1163 2550 nonnulli

215 2583 257 2640 ita
270 2583 506 2660 interpretantur,
521 2580 615 2640 amitti
629 2579 777 2640 civitatem
791 2581 957 2641 Romanam
971 2583 1029 2642 ulia
1042 2583 1163 2643 adscita.

215 2675 371 2745 Quamdiu
396 2675 487 2744 affuit,
507 2695 545 2732 ne
566 2694 625 2751 qua
648 2673 705 2746 sibi
728 2687 825 2734 statua
848 2690 1015 2754 poneretur,
1035 2677 1162 2751 restitit;

216 2770 322 2826 absens
335 2769 495 2846 prohibere
511 2788 571 2826 non
585 2767 699 2846 potuit..
729 2770 836 2847 Itaque
854 2755 965 2849 aliquot
978 2772 1034 2850 ipsi
1049 2785 1078 2830 et
1092 2773 1163 2831 Phi·

216 2862 273 2920 dias
284 2862 357 2920 locis
371 2862 562 2920 sanctissimis
575 2877 754 2940 posuerunt:
776 2865 855 2938 huuc
868 2867 947 2925 enim
962 2867 992 2924 in
1006 2867 1086 2932 omni
1096 2889 1164 2948 pro·

217 2957 369 3016 curatione
378 2956 548 3034 reipublicae
558 2970 686 3016 actorem
696 2972 904 3038 auctoremque
914 2961 1071 3020 habebant.
1104 2963 1163 3041 Igi-

217 3065 267 3112 tur
282 3052 412 3132 primum
425 3051 500 3110 illud
514 3071 621 3110 munus
635 3051 768 3123 fortunas,
783 3056 862 3132 quod
875 3055 907 3113 in
924 3077 961 3116 ea
977 3058 1163 3135 potissimum

217 3149 292 3208 urbe
314 3161 398 3208 natus
420 3158 473 3215 est,
487 3146 521 3206 in
537 3166 598 3224 qua
615 3146 799 3208 domicilium
820 3150 897 3208 orbis
919 3164 1064 3211 terrarum
1086 3167 1165 3212 esset

217 3244 342 3322 imperii,
360 3255 393 3316 ut
413 3241 538 3301 eandem
559 3255 589 3300 et
609 3243 737 3321 petriam
756 3245 880 3303 haberet
899 3257 929 3322 et
946 3245 1086 3319 domum;
1107 3249 1165 3306 hoe

216 3339 369 3418 specimen
380 3336 553 3417 prudentiae,
565 3337 653 3416 quod,
664 3359 756 3415 quum
767 3339 798 3396 in
808 3359 875 3398 eam
889 3360 921 3399 se
936 3341 1085 3401 civitatem
1096 3363 1164 3401 con·

215 3433 339 3503 tulisset,
357 3453 423 3509 quae
445 3431 626 3512 antiquitate,
645 3432 837 3501 humanitate,
856 3433 991 3494 doctrina
1011 3451 1165 3516 praestaret

216 3548 326 3598 omnes,
341 3549 418 3586 unus
432 3529 460 3586 ei
476 3540 543 3590 ante
558 3527 633 3588 alios
643 3527 733 3586 fuerit
748 3530 921 3590 carissimus.

254 3718 311 3777 IV.
331 3718 402 3778 Huc
416 3739 455 3778 ex
467 3720 539 3778 Asia
553 3691 637 3778 Sulla
647 3717 797 3778 decedens
811 3740 904 3796 quum
914 3721 1051 3791 venisset,
1061 3741 1162 3798 quam·

216 3812 267 3872 diu
279 3812 321 3872 ibi
329 3812 392 3885 tuit,
403 3832 504 3872 secum
514 3813 616 3874 habuit
625 3813 835 3891 Pomponium,
846 3827 951 3892 captus
965 3815 1162 3903 adolescentis

1339 3847 1344 3990 l
