2698 4508
505 442 757 487 lramus-car.
771 443 824 496 1v.‚
837 446 866 486 v.
1101 433 1160 490 107

206 586 242 633 et
256 572 440 631 humanitate
456 584 487 630 et
504 572 649 632 doctrina
690 573 740 634 Sic
757 573 836 632 enim
851 573 958 632 (ἔωσε
972 575 1159 650 loquebatur,

211 681 244 726 ut
260 668 387 726 Athenis
406 681 490 726 netur
507 667 664 726 videretur.
708 661 804 728 Tanta
824 680 925 738 autem
945 670 1073 728 suavitas
1095 686 1160 730 erat

211 762 357 821 sermonis
376 761 484 832 Latini,
506 775 539 820 ut
562 775 727 840 appareret,
747 763 779 820 in
801 783 837 823 eo
857 763 989 822 nativum
1010 766 1158 841 quendam

210 858 345 936 leporem
356 877 430 926 esse,
441 876 499 915 non
513 856 665 916 adscitum.
705 858 791 916 Idem
802 864 941 936 poemata
950 861 1159 936 pronuntiabat

211 965 240 1011 et
249 953 357 1010 Graece
365 951 513 1010 et'Letine
524 952 576 1023 sie,
586 964 619 1009 ut
631 972 722 1030 supra
732 953 805 1010 nihil
814 965 914 1031 posset
925 953 1001 1011 addi.
1039 955 1158 1026 Quibus

210 1049 299 1106 rebus
312 1047 423 1104 factum
438 1058 491 1116 est,
502 1058 534 1104 ut
548 1046 633 1104 Sulla
645 1067 790 1125 nusquam
807 1067 877 1105 eum
895 1049 932 1106 ab
949 1069 983 1106 sa
999 1049 1159 1108 dimitteret

211 1154 394 1220 cuperetque
408 1161 511 1199 secum
525 1140 684 1199 deducere.
724 1141 789 1213 Qui
798 1161 890 1219 quum
904 1143 1082 1220 persuadere
1096 1157 1158 1202 ten·

210 1247 294 1305 taret,
308 1236 389 1304 Noli,
400 1255 450 1293 ero
464 1245 498 1305 te,
509 1234 604 1311 inquit
613 1233 808 1312 Pomponius,
818 1235 970 1294 adversum
981 1257 1025 1294 cos
1034 1259 1078 1296 me
1088 1239 1158 1296 uelle

210 1329 318 1400 duem,
333 1344 396 1388 eum
410 1331 669 1406 quidenna-contra
685 1340 711 1387 tc
727 1331 940 1408 annesae-rem,
953 1332 1074 1390 Italiam
1092 1333 1157 1390 reli·

211 1426 269 1500 qui.
307 1426 351 1482 At
364 1424 457 1494 Sulla,
472 1423 667 1482 adolescentis
685 1423 780 1483 officio
795 1425 968 1496 collaudato,
984 1427 1083 1484 omnia
1096 1447 1157 1485 mu·

210 1541 283 1580 nera
297 1521 335 1592 ei,
347 1541 412 1599 quaa
422 1521 550 1580 Athenis
565 1532 728 1598 acceperet,
739 1520 930 1599 proficiscens
939 1521 1029 1598 jussit
1039 1521 1157 1580 deferri.

211 1616 273 1675 Hic
287 1617 452 1694 complures
469 1635 561 1674 annos
576 1626 714 1684 moranus,
729 1635 822 1692 quum
840 1627 871 1673 et
886 1615 930 1672 rei
945 1615 1081 1673 familiari
1095 1627 1157 1674 tan·

210 1723 273 1769 tum
291 1731 389 1789 operae
404 1711 497 1780 daret,
511 1722 730 1788 quantum·non
747 1710 908 1788 indiligens
922 1709 1047 1768 deberet
1061 1723 1157 1788 pater·

210 1805 347 1876 familias,
358 1818 392 1864 -et
410 1805 508 1864 omnia
524 1804 637 1881 reliqua
653 1816 790 1883 tempora
806 1818 857 1863 aut
872 1804 987 1874 litteris,
1003 1817 1053 1862 aut
1066 1805 1157 1862 Athe·

210 1899 355 1960 niensium
371 1899 543 1979 reipublicae
556 1899 710 1967 tribueret,
723 1899 916 1957 nihilominus
927 1898 1029 1957 amicis
1045 1900 1158 1957 urbana

211 1993 305 2053 officia
320 1995 464 2073 praestitit.
504 1993 585 2051 Nam
602 2005 633 2051 et
651 1991 691 2050 ad
705 1993 822 2056 comitia
835 2013 939 2051 eornm
952 1994 1104 2052 ventitavit
1117 2007 1156 2063 et,

210 2088 235 2146 si
253 2110 312 2166 qua
331 2109 379 2146 res
398 2089 493 2165 major
509 2099 575 2144 acta
591 2099 646 2156 est,
662 2106 722 2146 non
738 2085 851 2144 defuit:
879 2087 955 2145 sieut
971 2088 1110 2146 Ciceroni
1127 2088 1158 2145 in

212 2183 351 2242 omnibus
365 2182 431 2259 ejus
448 2180 587 2258 periculis
601 2181 782 2258 singularem
800 2180 892 2262 fidem
902 2181 1036 2258 praebuit,
1051 2182 1099 2240 eni
1119 2202 1158 2240 ex

209 2280 307 2360 patria
320 2277 446 2356 fugienti
460 2276 692 2357 LLS.vducenta
705 2288 735 2336 et
749 2275 962 2352 quinquaginta
968 2274 1062 2332 millia
1070 2276 1158 2334 dona·

209 2377 259 2435 vit.
302 2372 513 2452 Tranquillatis
530 2384 629 2430 autem
645 2370 735 2430 rebus
750 2370 902 2440 Romanis,
914 2367 1085 2447 remigravit
1100 2371 1158 2428 aa

210 2491 299 2542 mam,
310 2483 342 2528 nt
356 2468 471 2548 opinor,
483 2467 518 2526 L.
528 2467 615 2527 Cotta
629 2478 659 2525 et
669 2467 706 2524 L.
718 2466 869 2543 Torquato
883 2464 1059 2536 consulibus,
1069 2486 1159 2542 quem

211 2567 290 2626 diem
307 2566 350 2624 sic
367 2564 505 2623 univerae
521 2562 622 2620 civitas
640 2561 867 2621 Atheniensium
881 2571 1040 2639 prosecuta
1056 2573 1111 2630 est,
1125 2573 1159 2620 ut

210 2662 338 2720 lacrimis
352 2659 494 2720 desiderii
506 2657 597 2717 futuri
611 2657 745 2716 dolorem
757 2653 909 2714 indicaret.
1040 2664 1044 2671 “

208 2889 212 2895 ·
249 2851 290 2910 V.
310 2852 451 2910 Habebat
470 2850 648 2908 avunculum
665 2847 705 2920 Q.
717 2847 882 2919 Caecilium,
901 2846 1032 2924 equitem
1049 2847 1157 2906 Roma-

211 2967 291 3017 num,
299 2947 473 3006 familiarem
485 2943 659 3013 L.Luculli,
669 2943 798 3012 divitem,
807 2941 978 3001 difficillima
988 2954 1099 3010 natura,
1109 2961 1158 3000 eu·

212 3044 264 3121 jus
278 3041 321 3100 sic
335 3041 524 3119 asperitatem
534 3039 645 3098 veritus
656 3051 708 3108 est,
718 3051 758 3109 ut,
770 3058 859 3116 quem
874 3057 961 3096 nemo
971 3036 1034 3094 fere
1048 3048 1157 3113 posset,

208 3137 300 3215 hujus
321 3136 384 3195 sine
401 3135 559 3194 offensione
580 3135 618 3192 ad
634 3139 778 3194 summam
799 3131 982 3192 senectutem
1002 3129 1159 3188 retinuerit

211 3214 458 3292 benevolentiam.
499 3229 661 3302 Quofaeto
675 3229 743 3288 tulit
756 3226 875 3307 pietatis
888 3227 1025 3285 fructum.
1066 3223 1160 3282 Caeei·

210 3328 270 3385 lius
284 3326 362 3396 enim
376 3325 506 3384 moriens
519 3337 694 3384 testamento
709 3321 859 3400 adoptavit
873 3341 942 3380 eum
957 3316 1159 3393 heredemque

189 3449 192 3454 ·
209 3423 280 3481 fecit
293 3441 331 3479 ex
346 3420 506 3479 dodrante:
528 3437 567 3477 aa
582 3438 640 3495 qua
652 3416 816 3474 hereditate
831 3413 946 3490 aceepit
960 3412 1078 3470 circiter
1092 3431 1158 3472 een-

210 3518 265 3586 ties
284 3515 373 3575 LLS.
424 3515 498 3573 Erat
519 3525 614 3591 nupta
641 3530 724 3568 soror
739 3507 832 3567 Attici
849 3507 890 3578 Q.
902 3506 1002 3564 Tullio
1019 3504 1159 3564 Ciceroni

210 3631 319 3688 eaeque
334 3611 453 3690 nuptias
465 3609 508 3670 M.
517 3607 626 3666 Cicero
640 3602 821 3670 conciliarat,
834 3621 901 3659 curn
913 3619 971 3677 quo
986 3621 1003 3658 a
1018 3599 1160 3658 condisci-

209 3709 316 3786 pulatu
336 3705 456 3765 vivebat
478 3698 728 3782 conjunctissime,
748 3698 840 3756 multo
865 3695 955 3754 etiam
969 3694 1159 3763 familiarius,

211 3821 300 3878 qnam
317 3818 385 3860 curn
399 3799 527 3872 Quint03
537 3807 570 3856 ut
582 3792 712 3873 judicari
724 3790 827 3872 possit,
841 3792 909 3870 plus
925 3791 955 3849 in
971 3787 1099 3850 amicitia
1113 3809 1160 3848 va-
