2698 4508
3 869 11 1143 l

309 933 358 1022 Μ.
387 936 600 1043 tuntlt
628 940 974 1074 tttnltouts

202 1149 590 1267 'SOMNIUM
639 1169 1049 1258 SCIPIONIS.

495 1472 598 1533 Sc1r1o
620 1474 792 1539 Loourunn.

207 1583 232 1646 I·
253 1582 325 1644 Onu
345 1583 376 1642 in
392 1584 526 1644 Africam
546 1587 702 1658 venissem,
727 1588 779 1648 Μ’.
791 1588 915 1646 Manilio
940 1587 1054 1646 consuli
1076 1589 1114 1648 sd
1178 1654 1179 1658 ,

167 1691 299 1755 quartam
312 1679 463 1758 legionem
478 1682 612 1740 tribunus
629 1685 674 1760 (ut
687 1684 777 1760 scitis)
792 1683 936 1754 militum3
954 1684 1029 1741 nihil
1040 1684 1114 1742 mihi

165 1773 265 1850 potius
282 1772 347 1844 fuit,
367 1796 455 1852 quam
475 1789 508 1834 ut
527 1775 716 1838 Masinissam
737 1778 934 1850 convenirem,
952 1799 1055 1857 regem
1072 1779 1113 1840 ft·

162 1867 259 1932 mitiae'
270 1880 376 1928 nostrae
386 1871 473 1948 justis
488 1871 637 1956 decausis
654 1873 873 1932 amicissimum.
913 1875 962 1933 Ad
977 1895 1067 1952 quem
1081 1886 1114 1932 ut

165 1963 241 2034 veni,
266 1968 441 2045 complexus
466 1987 516 2026 me
544 1987 637 2026 senex
665 1968 883 2038 collacrimsvit,
905 1969 1113 2046 aliquantoque

153 2107 156 2114 .
164 2071 232 2138 post
246 2061 381 2138 suspexit
391 2061 421 2118 in
436 2063 561 2119 coelum:
579 2074 609 2118 et
623 2073 730 2138 grates,
740 2062 846 2138 inquit,
855 2063 908 2120 tibi
922 2083 988 2141 ego,
998 2084 1113 2122 sumtus

165 2153 226 2222 Sol,
241 2155 385 2234 vobisque
398 2154 506 2230 reliqui
521 2154 643 2222 coelites,
655 2155 734 2230 quod
749 2167 817 2212 ante
832 2176 922 2232 quem
937 2177 975 2215 ex
988 2158 1044 2216 hnc
1055 2157 1115 2214 vite

164 2249 269 2326 migro,
284 2249 435 2326 conspicio
448 2248 479 2306 in
493 2268 560 2308 meo
574 2267 676 2325 regno,
691 2249 779 2308 ethis
794 2248 879 2308 tectis
894 2249 930 2308 P.
940 2245 1129 2308 Cornelium

140 2326 349 2422 *Scipionem
366 2344 450 2421 cnjus
464 2363 521 2420 ego
535 2341 656 2401 nomine
669 2342 735 2420 ipso
749 2363 888 2402 recreor:
909 2343 951 2402 ita
963 2361 1112 2418 nunquam

163 2535 315 2593 memoris.
357 2532 476 2593 Deinde
497 2553 553 2610 ego
569 2532 653 2592 illum
669 2533 708 2596 de
728 2554 783 2594 suo
804 2553 913 2612 regno;
934 2533 990 2592 illc·
1006 2549 1054 2590 me
1068 2530 1111 2594 'de

163 2643 262 2688 nostru
278 2630 432 2708 republica
448 2641 635 2707 percontatus
653 2641 716 2688 est:
744 2629 902 2706 mult-isque
920 2625 1017 2684 verbis
1033 2627 1126 2686 ultro

162 2724 295 2802 citroque
310 2724 425 2794 habitis,
440 2724 490 2782 ille
507 2724 593 2782 nobis
610 2737 780 2782 consumtus
798 2737 843 2782 est
857 2724 927 2784 dies.
968 2720 1041 2782 Post
1060 2743 1110 2784 su-

163 2832 224 2877 tem
237 2820 321 2897 regio
337 2832 480 2898 apparatu
495 2818 620 2896 accepti,
631 2839 797 2878 sermonem
810 2819 840 2876 in
854 2818 976 2876 multam
990 2829 1109 2878 noctem

163 2913 364 2994 produximus,
377 2935 445 2974 cum
460 2934 553 2974 senex
566 2913 639 2972 nihil
653 2914 711 2974 nisi
724 2913 762 2972 de
775 2914 916 2973 Africano
930 2912 1110 2988 loqueretur,

162 3011 319 3086 omnisque
333 3011 396 3088 ejus
412 3031 469 3068 non
484 3009 561 3068 facts
577 3007 682 3078 solum,
697 3009 751 3068 sed
765 3009 854 3066 etium
867 3005 945 3070 dictu
958 3007 1108 3065 meminis·

160 3117 216 3172 set.
256 3105 382 3174 Deinde,
394 3116 427 3162 ut
441 3104 572 3163 cubitum
587 3103 782 3170 discessimus,
795 3121 842 3158 me
856 3113 886 3158 et
896 3100 934 3158 de
945 3101 1002 3168 rie,
1014 3113 1044 3158 et
1058 3101 1109 3176 qui

161 3199 200 3258 nd
212 3200 334 3257 multem
349 3213 464 3258 noctem
478 3199 658 3276 vigilassem,
670 3198 782 3264 arctior,
794 3215 882 3271 quem
896 3195 1019 3263 solebat,
1031 3213 1107 3250 som-

161 3314 217 3352 nus
239 3295 412 3372 complexus
433 3307 487 3352 est.
528 3295 588 3353 Hic
608 3294 680 3352 mihi
701 3289 802 3368 (credo
823 3289 964 3366 equidem
986 3309 1024 3346 ex
1042 3289 1106 3356 hoc,

162 3389 240 3467 quod
256 3408 372 3445 eremus
385 3389 493 3448 locuti:
515 3389 546 3446 fit
564 3390 641 3446 enim
656 3387 728 3454 fere,
744 3397 775 3441 ut
789 3383 980 3460 cogitationes
997 3402 1106 3440 sermo·

160 3503 275 3561 nesque
288 3482 378 3540 nostri
393 3483 509 3562 pariant
524 3481 632 3558 aliquid
647 3480 678 3536 in
693 3497 796 3536 somno
810 3478 876 3543 tole,
892 3477 981 3552 quale
996 3475 1032 3533 de
1042 3477 1106 3534 Ho-

160 3599 245 3636 mero
265 3578 366 3636 scribit
377 3578 552 3650 Ennioude
569 3595 628 3654 quo
644 3572 785 3630 videlicet
804 3569 966 3646 saepissime
983 3571 1106 3647 vigilans

160 3653 428 3751 solbbat'cogitare,
444 3685 475 3730 et
488 3670 583 3747 loqui)
595 3666 752 3726 Africanus
766 3685 799 3722 se
813 3662 942 3722 ostendit
953 3684 990 3724 es
1000 3665 1107 3736 forms,

161 3789 227 3847 quse
251 3767 323 3826 mihi
345 3789 384 3829 ex
405 3767 536 3844 imagine
560 3765 635 3843 ejus,
653 3781 741 3839 quem
765 3779 803 3816 ex
823 3758 898 3837 ipso,
917 3771 981 3817 eret
1002 3761 1107 3820 notior.

161 3864 262 3936 Quem
279 3876 312 3923 ut
329 3862 444 3942 agnovi,
461 3859 599 3938 equidem
616 3854 762 3916 cohorrui.
803 3853 865 3912 Sed
882 3853 940 3926 ille,
954 3853 1049 3926 Ades,
1063 3855 1106 3916 in-
