2664 4508
313 889 364 982 Μ.
393 893 605 980 TULLII
651 892 980 981 CICERONIS
1073 973 1075 978 ,

477 1137 817 1224 umarus,
989 1097 990 1106 ‘

509 1386 515 1394 s
604 1334 700 1374 srva

376 1472 922 1551 DEAM101T1A.

362 1795 413 1855 Aa
430 1798 536 1856 Ttrurt
557 1798 752 1858 Postremum
770 1799 926 1856 Armenii.
959 1831 962 1836 ·

209 1910 236 1970 Ι.
255 1914 280 1970 1.
295 1910 438 1984 ertrus
454 1911 573 1970 Murrus
588 1933 683 1990 augur
693 1914 787 1971 mults
795 1932 915 1970 narrare
924 1911 962 1968 de
972 1909 1121 1981 C.Lsalie,

172 2025 274 2064 seuero
293 2025 356 2076 suo,
375 2007 546 2065 memoriter
566 2019 596 2066 et
610 2007 745 2086 jucunde
766 2008 888 2076 solebat,
901 2026 958 2065 nee
975 2004 1120 2074 dubitare,

170 2099 296 2158 illumin
310 2101 392 2158 omni
405 2121 543 2163 sermone
558 2103 707 2178 appellare
721 2101 896 2179 sapientem.
936 2101 1006 2176 Ego
1020 2113 1121 2158 autem

170 2213 188 2253 a
201 2205 286 2272 patre
299 2193 341 2251 ita
354 2215 433 2256 eram
448 2195 593 2254 deductus
607 2195 645 2253 ad
656 2195 832 2264 Scaevolam,
846 2207 943 2254 sumta
952 2194 1029 2251 virili
1042 2207 1121 2271 toga,

169 2301 211 2358 ut,
226 2288 324 2366 quoad
337 2309 464 2368 possem,
478 2303 510 2350 et
526 2291 639 2360 liceret,
655 2310 673 2349 a
689 2290 769 2347 senis
785 2291 880 2344 latere
897 2306 1047 2363 nunquam
1064 2288 1121 2346 dis·

169 2385 317 2448 cederem.
359 2386 464 2463 Itaque
477 2390 573 2442 multa
585 2388 623 2443 ab
634 2404 671 2443 eo
682 2380 847 2461 prudenter
857 2381 1018 2460 disputata,
1028 2383 1122 2442 mults

168 2481 258 2540 etiam
274 2481 403 2540 breviter
423 2491 454 2538 et
473 2479 629 2538 commode
646 2478 734 2547 diets,
750 2476 903 2536 memoriae
924 2477 1120 2537 mandebame

168 2574 290 2652 fierique
310 2575 466 2633 studebam
486 2575 551 2652 ejus
568 2574 726 2652 prudentis
742 2572 864 2631 doatior.
905 2572 977 2644 Quo
994 2585 1120 2643 mortuo,

167 2689 217 2728 me
238 2669 276 2728 ad
292 2668 463 2748 pontificem
480 2668 645 2728 Scaevolam
666 2668 784 2738 contuli,
799 2687 889 2744 quem
905 2687 997 2726 unum
1013 2680 1120 2727 nostrae

168 2760 292 2822 civitatis
301 2774 331 2820 et
338 2760 459 2838 ingenio
468 2773 499 2820 et
503 2760 619 2838 justitia
626 2761 902 2839 praestentissimum
910 2758 1120 2820 audeodicere.

168 2855 232 2914 Sed
242 2855 279 2914 de
289 2856 346 2914 hoe
360 2855 447 2914 alias:
464 2875 544 2914 nune
556 2855 651 2914 redeo
663 2854 699 2914 ad
711 2869 864 2934 augurem.
904 2861 932 2914 2.
948 2857 1026 2914 Cum
1039 2877 1121 2935 saepe

167 2953 268 3020 multa,
280 2963 343 3009 tum
356 2950 478 3010 memini
491 2950 572 3008 domi
585 2949 616 3008 in
629 2950 805 3028 hemicyclio
819 2951 984 3021 sedentem,
998 2964 1031 3009 ut
1044 2952 1119 3009 sols·

166 3046 227 3116 bat,
243 3067 310 3104 eum
327 3057 357 3104 et
374 3065 431 3123 ego
448 3065 545 3104 essem
558 3065 617 3104 una
631 3057 661 3104 et
674 3045 761 3124 pauci
776 3045 937 3104 admodum
950 3045 1119 3114 familiares,

168 3139 200 3197 in
221 3160 290 3199 eum
310 3160 477 3199 sermonem
494 3140 578 3199 illum
589 3140 736 3210 incidere,
752 3139 804 3218 qui
820 3151 882 3198 tum
899 3140 963 3199 fere
984 3139 1120 3198 omnibus

169 3235 273 3294 eratin
287 3255 346 3295 ore.
387 3234 552 3311 Meministi
562 3235 640 3294 enim
650 3236 792 3314 profecto,
802 3236 914 3306 Attice,
922 3248 953 3293 et
965 3255 1002 3293 eo
1013 3234 1119 3311 magis,

168 3331 249 3409 quod
260 3332 296 3390 P.
306 3331 439 3408 Sulpicio
456 3332 577 3390 utebare
595 3334 729 3400 multum,
743 3351 812 3390 cum
828 3331 853 3388 is
869 3331 1004 3388 tribunus
1020 3328 1119 3404 plebis

169 3426 287 3502 capitali
297 3425 365 3483 odio
376 3445 394 3484 a
404 3427 444 3498 Q.
454 3426 607 3505 Pompeio,
618 3426 668 3504 qui
678 3438 742 3483 tum
756 3437 818 3482 erat
832 3425 942 3492 consul,
951 3421 1119 3490 dissideret,

168 3539 297 3596 quocum
322 3521 559 3598 conjunctissime
584 3533 613 3578 et
640 3518 840 3577 amantissime
864 3517 986 3584 vixerat,
1008 3528 1119 3592 quanta

166 3627 246 3673 esset
258 3614 410 3676 hominum
421 3617 469 3675 vel
483 3612 650 3681 admiratio,
660 3613 709 3670 vel
720 3611 850 3688 querela.
890 3615 917 3669 3.
935 3611 1042 3686 Itaque
1055 3623 1119 3670 tum

166 3710 313 3780 Scaevola,
322 3711 506 3770 cuminesm
515 3708 610 3788 ipsam
620 3705 802 3765 mentionem
810 3705 971 3776 incidisset,
980 3707 1119 3784 exposuit

164 3806 251 3867 nobis
265 3826 436 3870 sermonem
447 3805 534 3868 Laelii
544 3803 583 3866 de
597 3800 734 3874 amicitis,
744 3800 877 3864 habitum
891 3803 928 3866 ab
941 3802 992 3866 illo
1005 3821 1117 3873 secum,
