2698 4508
200 447 242 509 '10
523 465 575 510 ,u
592 465 621 505 r.
638 461 799 504 merueris

200 597 262 658 siti
301 595 385 654 Mors
402 594 539 653 terribilis
555 606 602 652 est
618 593 662 661 iis,
676 611 803 667 quorum
819 610 887 648 cum
903 590 964 648 vita
979 590 1079 650 omnin
1097 611 1148 650 ex·

201 694 402 769 stinguuntur3
424 708 483 746 non
497 688 542 756 iis,
557 707 682 764 quorum
696 688 761 744 leus
780 686 873 744 emori
887 705 946 744 non
961 699 1076 764 potest:
1097 707 1148 744 ex·

200 787 297 846 silium
313 797 411 842 sutem
422 784 467 852 iis,
476 782 583 860 quibus
595 781 678 859 qussi
689 780 930 858 circumscriptus
943 779 1150 840 esthabiteddi

200 883 298 950 locus3
319 899 380 936 nou
395 878 441 947 iis,
456 877 507 953 qui
521 895 642 934 omnem
655 875 759 933 orbem
775 888 923 934 terrarum
938 895 1027 934 uuum
1043 877 1150 934 urbem

200 994 266 1034 esse
286 973 405 1031 ducunt.
450 972 495 1029 Te
515 971 654 1041 miseriae,
671 985 702 1030 te
722 991 862 1030 aerumuae
882 985 1030 1050 premunt,
1047 971 1099 1048 qui
1119 984 1150 1030 to

198 1070 329 1137 beatum,
344 1067 395 1144 qui
409 1068 568 1127 florentem
582 1080 685 1146 putes:
707 1080 768 1126 tuae
783 1067 924 1126 libidines
943 1080 974 1125 te
994 1079 1150 1145 torquent:

199 1176 231 1222 tu
245 1163 311 1221 dies
324 1177 488 1240 noctesque
503 1163 658 1234 crucieris3
680 1163 729 1222 cui
742 1184 799 1221 nec
812 1164 883 1222 satis
898 1176 951 1232 est,
965 1163 1043 1240 quod
1057 1177 1111 1233 est,
1123 1178 1153 1222 et

199 1259 230 1316 id
244 1259 343 1336 ipsum
364 1278 403 1317 ne
417 1279 477 1317 non
491 1259 529 1318 sit
538 1257 710 1318 diuturnum
722 1259 857 1317 futurum
871 1259 973 1326 times:
996 1271 1026 1316 te
1041 1259 1152 1318 eonsci-

200 1353 288 1412 entiae
300 1353 453 1422 stimulent
463 1355 674 1412 maleficiorum
683 1366 816 1412 tuorum:
833 1366 863 1412 te
874 1367 970 1412 metus
983 1354 1154 1412 exanimant

201 1449 381 1529 judiciorum
394 1463 482 1526 atque
493 1451 595 1526 legum
606 1473 613 1508 :
631 1462 819 1527 quocumque
830 1448 1003 1526 adspexisti,
1014 1461 1048 1506 ut
1057 1447 1152 1518 firriae,

200 1544 245 1602 sic
256 1557 314 1601 tuae
325 1543 379 1600 tibi
390 1557 547 1600 occurrunt
558 1543 685 1620 injuriae,
695 1563 761 1619 quae
772 1554 803 1598 te
817 1543 962 1619 respirare
972 1562 1032 1600 non
1044 1543 1152 1603 sinunt.

203 1645 249 1698 19.
263 1637 469 1711 Quamobrem
481 1650 514 1695 ut
523 1638 658 1715 improbo
672 1650 703 1696 et
715 1639 804 1694 stulto
814 1649 845 1694 et
854 1636 942 1694 inerti
952 1637 1064 1694 nemini
1074 1638 1151 1700 bene

201 1753 267 1792 esse
285 1746 392 1812 potest,
407 1732 449 1790 sic
462 1733 557 1790 bonus
574 1731 619 1788 vir
635 1744 665 1789 et
681 1729 765 1788 fortis
786 1743 817 1787 et
837 1731 955 1809 sepiens
976 1716 1067 1790 miser
1086 1751 1151 1790 esse

201 1849 261 1888 non
281 1840 384 1906 potest.
424 1826 492 1884 Nec
513 1847 594 1904 vero,
609 1827 693 1903 eujus
713 1825 806 1882 virtus
830 1846 989 1904 moresque
1010 1826 1152 1884 laudandi

201 1937 276 1992 sunt,
294 1924 359 2001 ejus
376 1941 433 1980 nou
447 1921 598 1980 laudanda
613 1921 674 1979 vita
693 1933 741 2002 est
749 1943 756 1978 ε
786 1940 884 1998 neque
904 1939 993 1999 porro
1009 1921 1153 2000 fugiende

201 2019 270 2088 vita,
284 2039 352 2096 quae
370 2015 518 2076 laudanda
535 2027 589 2075 est.
637 2015 729 2074 Esset
749 2029 849 2074 eutem
865 2016 1019 2094 fugiende,
1033 2018 1059 2075 si
1076 2029 1154 2076 esset

202 2114 319 2172 misere.
374 2111 580 2184 Quamobrem
600 2110 744 2189 quidquid
768 2124 814 2170 est
837 2112 996 2183 laudabile,
1017 2111 1099 2172 idem
1122 2123 1154 2170 et

202 2209 322 2268 beatum
336 2221 368 2267 et
379 2209 487 2266 florens
500 2217 530 2264 et
542 2207 745 2284 expetendum
758 2207 853 2266 videri
867 2207 967 2266 debet.

501 2495 773 2542 PARADOXON
795 2495 852 2539 111.

375 2589 429 2636 'Ort
441 2586 482 2635 ἲαα
494 2585 524 2635 τὰ
535 2584 691 2650 ἁμαρτήματα
702 2583 743 2634 καῖ
755 2583 784 2632 τὰ
796 2583 979 2648 κατορθώματα.

374 2680 490 2744 Equalr'a
500 2694 552 2727 eure
564 2685 661 2742 morata
671 2683 764 2725 otredo
774 2675 851 2740 sacta.

242 2779 267 2837 I.
294 2782 342 2834 20.
363 2777 470 2846 Parve,
487 2777 594 2855 inquis,
611 2797 660 2835 res
681 2789 742 2834 est:
772 2788 802 2833 et
822 2794 930 2852 magne
949 2776 1044 2854 culpa.
1086 2775 1154 2835 Neo

202 2873 282 2931 enim
295 2884 428 2950 peccata,
439 2892 540 2930 rerum
555 2885 672 2940 eventu,
683 2869 737 2930 sed
747 2870 825 2928 vitiis
838 2870 991 2954 hominum
1004 2870 1155 2929 metienda

202 2981 279 3030 sunt
319 2969 356 3026 In
374 2989 433 3045 quo
452 2981 604 3046 peccatur,
621 2968 651 3025 id
670 2979 768 3046 potest
790 2966 871 3026 uliud
889 2965 948 3024 elio
966 2967 1066 3045 majus
1089 2987 1154 3026 esse

204 3063 382 3123 autminus:
404 3064 502 3142 ipsum
516 3064 638 3141 quidem
654 3064 729 3122 illud
742 3083 875 3147 peceare,
890 3084 1008 3141 quoquo
1021 3066 1153 3136 verteris,

204 3180 295 3218 unum
309 3172 362 3218 est.
402 3159 479 3218 Auri
492 3179 596 3218 navem
611 3172 726 3218 evertat
739 3160 931 3237 gubernator,
943 3179 980 3218 en
993 3162 1106 3238 paleae;
1123 3161 1155 3220 in

204 3277 238 3314 re
263 3251 486 3332 aliquantulum,
506 3255 548 3335 in,
561 3254 767 3334 gubernatoris
790 3255 907 3313 inscitia
929 3254 1002 3313 nihil
1023 3256 1154 3315 interest.

206 3350 308 3429 Lapsa
327 3361 372 3408 est
386 3349 481 3408 libido
501 3351 532 3408 in
551 3349 676 3410 muliere
694 3351 812 3428 ignota:
838 3351 923 3410 dolor
943 3350 980 3410 ad
997 3353 1155 3431 pauciores
1184 3359 1188 3362 ’

121 3443 124 3450 ’
204 3446 341 3524 pertinet,
358 3466 447 3522 quem
467 3446 493 3504 si
508 3447 644 3524 petulans
661 3445 814 3506 fuissetis
834 3447 934 3525 ulique
953 3467 1101 3528 generose
1120 3467 1155 3506 ee

17 3517 179 3619 belod-*4¹
204 3541 296 3598 nobili
311 3541 443 3620 virgine:
465 3529 599 3621 pecusvit
615 3526 686 3600 vero
705 3541 908 3612 nibilominus,
925 3542 950 3600 si
967 3543 1090 3620 quidem
1110 3554 1155 3600 est

172 3642 180 3687 J
204 3656 330 3714 peccare
354 3651 503 3716 tamquam
525 3636 669 3696 transilire
690 3637 799 3696 lineas:
828 3638 908 3716 quod
927 3657 1019 3715 quum
1041 3634 1153 3704 feoeris,

139 3751 145 3760 ·
205 3733 293 3810 culpa
303 3721 457 3793 cbmmisse
467 3745 527 3792 est:
545 3751 634 3810 quarn
644 3734 733 3810 louge
743 3733 948 3811 progrediere,
959 3751 1049 3809 quum
1060 3730 1153 3788 semel

205 3829 363 3900 transiens,
379 3829 417 3890 ad
434 3827 599 3908 sugendam
616 3828 735 3904 culpem
752 3826 824 3884 nihil
841 3827 977 3905 pertinet.
1018 3825 1152 3882 Peeoere
