2698 4508
464 443 875 499 aramue—osavusmru.
1087 434 1147 493 lou

194 580 314 642 firmat
334 576 374 638 ad
390 576 572 658 Pompeium
591 577 856 659 proficiscentibus,
872 579 971 640 omnia
987 599 1026 644 ex
1042 599 1098 642 sua
1112 604 1147 643 ro

198 674 333 737 familiari
353 673 444 733 dedit.
484 674 590 754 Ipsum
612 674 791 755 Pompeium
815 676 1002 754 conjunctum
1019 697 1085 736 ‚non
1105 679 1148 738 οὓ

199 771 307 845 fendit3
331 771 460 850 (nullum
481 772 518 828 ab
539 791 576 828 eo
594 770 724 829 habebat
744 771 972 847 ornamentum)
993 783 1027 830 ut
1047 773 1148 844 ceteri,

197 865 248 942 qui
265 883 321 942 per
342 884 411 924 eum
436 875 487 922 aut
502 863 638 931 honores,
653 873 708 920 sut
721 860 837 920 divitias
859 873 1007 940 ceperant,
1020 881 1147 946 quorum

196 960 304 1038 partim
320 958 486 1018 invitissimi
503 969 599 1017 cestra
615 967 685 1018 eunt
699 956 802 1028 secuti,
820 956 929 1036 partim
945 976 1061 1018 summa
1078 977 1147 1016 cum

197 1054 261 1132 ejus
284 1054 445 1117 offensione
469 1052 551 1112 domi
573 1063 791 1114 remanserunt.
828 1051 920 1110 Attici
941 1064 1041 1112 autem
1061 1051 1146 1129 quies
1205 1084 1207 1088 ,

86 1154 90 1160 '
196 1148 350 1228 tantopore
362 1147 474 1207 Caesari
484 1147 540 1206 fuit
554 1159 647 1226 grata,
657 1159 699 1216 ut,
710 1146 803 1204 victor
817 1163 908 1223 quum
921 1145 1043 1224 privatis
1057 1165 1147 1224 pecu·

196 1243 259 1302 nias
270 1263 326 1321 per
339 1243 478 1322 epistolas
488 1231 657 1321 imperaret,
668 1240 738 1300 huic
748 1260 809 1299 non
824 1241 921 1299 solum
932 1241 1074 1298 molestus
1087 1260 1147 1301 uon

196 1336 294 1408 fuerit,
307 1337 360 1398 sed
376 1337 466 1418 etiarn
483 1338 591 1398 sororis
605 1336 700 1396 lilium
715 1347 747 1394 et
760 1335 800 1407 Q.
810 1334 989 1395 Ciceronem
1004 1354 1042 1394 ex
1056 1335 1146 1394 Pom-

196 1433 260 1512 peii
277 1434 378 1494 cestris
399 1434 587 1494 concesserit.
628 1433 679 1513 Sic
693 1445 794 1493 vetere
814 1432 947 1492 instituto
961 1432 1029 1492 vitae
1043 1432 1147 1511 effugit

196 1547 273 1588 nova
286 1527 429 1608 periculass

235 1718 324 1778 VIII.
351 1719 496 1779 Secutum
515 1731 562 1780 est
587 1718 671 1790 illud,
700 1717 800 1778 occiso
820 1717 949 1788 Oaeaara,
970 1737 1062 1796 quum
1085 1739 1146 1778 ress

196 1813 319 1892 publica
336 1831 429 1893 penes
449 1815 559 1875 Brutos
571 1814 724 1874 videretur
744 1833 809 1874 esse
829 1826 860 1872 et
877 1803 1013 1876 Gestiunt
1030 1836 1065 1874 sc
1085 1827 1147 1874 tota

197 1908 298 1968 civitas
314 1929 346 1968 se
361 1909 400 1968 ad
425 1929 477 1970 soe
500 1909 708 1969 convertisset:
728 1909 770 1968 sic
786 1909 829 1968 M.
844 1909 938 1970 Bruto
957 1931 1028 1972 usus
1045 1923 1099 1980 est,
1114 1922 1147 1970 ut

195 2004 276 2066 nullo
291 2003 342 2062 ille
363 2003 537 2072 adolescens
556 2003 666 2080 aequali
681 2003 863 2074 familiarius,
878 2025 968 2082 quam
987 2006 1044 2066 hoc
1064 2026 1145 2076 sene,

194 2117 293 2175 neque
307 2099 403 2158 solum
417 2117 486 2177 eum
499 2097 666 2175 principem
680 2096 796 2154 consilii
805 2099 939 2168 heberet,
949 2099 1001 2158 sed
1013 2100 1102 2159 etiam
1115 2101 1147 2160 in

195 2193 342 2254 convictu.
392 2191 603 2268 Excogitatum
627 2203 672 2248 est
696 2209 713 2251 e
736 2191 922 2268 quibusdam,
942 2205 976 2252 ut
999 2194 1146 2272 priuatum

194 2287 333 2348 aemriurn
357 2285 485 2344 Caesaris
509 2284 745 2346 interfectoribus
773 2286 810 2344 ab
839 2285 987 2362 equitibus
1006 2286 1151 2347 Romanis

194 2380 434 2446 constitueretur.
475 2379 614 2440 Idfacile
635 2379 713 2440 effici
729 2399 818 2460 posse
835 2380 966 2441 arbitrati
982 2392 1061 2453 sunt,
1074 2381 1099 2439 si
1117 2394 1147 2442 at

194 2479 345 2560 principes
355 2478 434 2537 illius
449 2479 561 2538 ordinis
575 2479 717 2558 pecunias
732 2479 948 2561 contulissent.
973 2479 1079 2558 Itaque
1094 2499 1145 2559 ap-

194 2577 322 2654 pellatus
343 2587 389 2634 est
411 2595 429 2634 a
446 2575 605 2645 O.Flavio‚
621 2575 707 2634 Bruti
722 2574 870 2658 familiari,
886 2575 1012 2645 Atticus,
1026 2587 1059 2633 ut
1081 2575 1146 2654 ejus

194 2670 239 2730 rei
252 2671 393 2750 princeps
414 2690 481 2730 esse
494 2671 592 2729 vellet.
621 2671 674 2728 ,Αῑ
688 2671 749 2741 ille,
764 2669 814 2748 qui
828 2669 929 2729 officis.
947 2670 1049 2730 amicis
1070 2691 1145 2750 pare·

193 2765 297 2824 sunda
315 2765 379 2826 sine
396 2765 524 2825 factione
541 2766 732 2837 existimaret,
750 2785 931 2845 semperque
948 2788 967 2826 a
983 2768 1092 2826 talibus
1111 2788 1146 2829 se

195 2860 322 2920 consiliis
344 2860 525 2932 removisset,
540 2862 719 2940 ¹respondit:
749 2862 777 2921 si
797 2862 998 2940 quidssrutus
1022 2863 1060 2923 de
1084 2865 1146 2924 suis

194 2953 380 3015 facultatibus
390 2956 434 3014 uti
443 2956 591 3027 voluisset,
600 2977 732 3028 usurum,
744 2969 888 3034 quantum
898 2959 946 3018 hae
956 2971 1145 3036 paterentur5

194 3069 227 3108 se
240 3069 337 3126 neque
348 3071 416 3108 curn
426 3070 576 3130 quoquam
587 3051 626 3110 de
640 3072 678 3112 ea
690 3072 725 3110 re
739 3053 965 3123 collocuturum,
976 3073 1073 3130 neque
1087 3053 1146 3114 eoi·

194 3157 303 3204 turum.
343 3145 394 3204 Sic
412 3145 463 3204 ille
481 3147 681 3206 consensionis
695 3149 805 3226 ‘glolurs
823 3149 911 3226 hujus
929 3147 1017 3206 unius
1034 3146 1144 3204 dissen-

193 3240 276 3300 sione
287 3239 426 3319 disjectus
436 3253 489 3301 est.
529 3243 641 3320 Neque
651 3245 746 3302 multo
755 3255 823 3322 p'ost
833 3241 969 3324 superior
979 3260 1045 3298 esse
1055 3239 1146 3317 coepit

192 3335 349 3406 Antonius,
363 3337 405 3396 ita
417 3349 452 3395 ut
464 3337 577 3396 Brutus
594 3351 625 3396 et
638 3337 770 3406 Cassius,
785 3335 1013 3416 provinciarum,
1027 3353 1095 3410 quae
1108 3333 1146 3392 iis

191 3431 272 3490 necis
289 3451 380 3490 causa
393 3431 571 3494 denserent
588 3453 606 3491 a
622 3433 802 3502 consulibus,
816 3429 982 3512 desperatis
998 3429 1098 3498 rebus,
1113 3429 1145 3487 ia

192 3526 331 3586 exsilium
347 3527 614 3606 proficiscerentur.
662 3525 789 3595 Atticus,
808 3525 859 3602 qui
876 3523 1035 3606 pecuniam
1055 3523 1144 3584 simul

192 3642 260 3681 cum
280 3625 390 3683 ceteris
410 3624 547 3684 conferre
567 3625 706 3682 noluerat
724 3621 844 3680 florenti
862 3621 905 3680 illi
925 3621 1010 3700 parti,
1027 3621 1145 3701 abjecto

191 3715 287 3776 Bruto
297 3717 444 3796 Italiaque
458 3718 577 3778 cedenti
588 3717 680 3776 LLS.
695 3729 815 3776 centum
823 3715 919 3776 millia
927 3717 1047 3776 muueri-
1055 3717 1144 3777 misit.
1182 3753 1185 3767 ·

190 3811 301 3872 Eidem
317 3812 349 3872 in
365 3813 462 3893 Epiro
484 3814 590 3874 absens
613 3825 747 3876 trecenta
763 3812 856 3892 jussit
876 3812 957 3888 dari3
986 3831 1085 3890 nequo
1106 3831 1146 3874 eo
