2698 4508
193 443 254 503 112
514 454 663 498 conamur
682 453 814 496 suroris

165 601 169 612 ’
190 587 279 649 Bruti
294 587 454 646 L.Jnliam
467 585 632 655 Mocillam,
645 583 826 662 praetorium,
840 592 871 640 et
885 581 950 659 ejus
963 581 1066 651 filium,
1075 583 1141 642 Au-

190 685 312 761 lumque
336 683 528 760 Torquatum,
552 692 728 756 ceterosque
751 677 818 757 pari
839 677 957 735 fortuna
981 677 1142 754 perculsos,

191 778 352 837 instituerit
367 775 455 846 tueri,
469 789 558 854 atque
572 796 611 833 ex
626 774 721 852 Epiro
733 773 779 831 his
796 771 896 830 omnia
909 771 1143 830 Samothraciam

191 873 363 952 supportari
372 871 503 952 jusserit.
544 869 677 928 Difficile
694 881 748 938 est,
763 866 863 926 omnia
875 866 1025 944 persequi,
1039 878 1069 925 ct
1085 885 1142 925 non

190 969 400 1029 necessarium.
427 1003 429 1006 ·
440 966 520 1026 Illud
534 987 626 1025 unum
639 965 767 1044 intelligi
778 965 922 1034 volumus,
934 963 1011 1021 illius
1025 963 1143 1022 liberal·

190 1062 292 1122 itatem
307 1083 404 1141 neque
418 1062 638 1140 temporariam,
650 1082 748 1139 neque
762 1060 898 1119 callidam
911 1059 1011 1118 fuisse.
1051 1059 1088 1118 Id
1102 1079 1142 1120 ex

191 1158 263 1237 ipsis
277 1161 367 1218 rebus
379 1179 413 1217 ac
423 1158 606 1236 temporibus
615 1157 746 1236 judicari
756 1169 864 1235 potest,
875 1155 956 1234 quod
965 1176 1025 1213 non
1036 1156 1141 1214 floren·

190 1253 270 1312 tibus
295 1275 328 1312 se
350 1253 520 1325 venditavit,
544 1253 597 1311 sed
621 1252 734 1311 afflictis
760 1271 878 1330 semper
900 1251 1062 1310 succurrit:
1090 1252 1143 1327 qui

191 1348 313 1425 quidem
328 1348 495 1418 Serviliam,
508 1348 595 1406 Bruti
608 1361 741 1418 matram,
753 1366 811 1406 non
826 1347 924 1406 minus
938 1358 1005 1424 post
1017 1358 1143 1404 mortem

189 1443 216 1521 ej
221 1463 264 1512 us,
274 1463 362 1520 quam
373 1444 507 1512 florente,
518 1443 650 1501 coluerit.
690 1443 741 1500 Sic
752 1441 929 1500 liberalitate
943 1453 1031 1500 utens
1045 1442 1142 1499 nullas

189 1537 355 1596 inimicitias
369 1537 477 1614 gessit:
499 1537 578 1612 quod
588 1556 684 1612 neque
694 1536 821 1594 laedebat
834 1555 1025 1613 quamquam,
1034 1555 1141 1613 nequa,

190 1632 216 1691 ai
233 1649 323 1708 quam
340 1631 479 1710 injuriam
500 1642 664 1707 acceperat,
681 1631 811 1688 malebat
832 1630 943 1700 ulcisci,
957 1651 1046 1708 quam
1068 1631 1142 1690 obli-

189 1726 271 1784 visci.
312 1725 400 1782 Idam
410 1725 569 1784 immortali
580 1724 724 1783 memoria
736 1736 883 1807 percepta
892 1725 1041 1783 retinebat
1050 1727 1142 1786 bene·

188 1819 274 1890 ficia;
293 1839 359 1896 quae
374 1832 473 1877 autem
483 1820 549 1898 ipse
562 1818 715 1890 tribuerat,
726 1819 839 1878 tamdiu
852 1820 1034 1890 meminerat,
1044 1821 1143 1898 quoad

189 1913 241 1973 ille
258 1927 360 1992 gratus
377 1927 449 1983 erat,
463 1915 515 1992 qui
532 1927 697 1993 acceperat.
737 1915 846 1993 Itaque
862 1915 911 1972 hic
926 1914 1008 1985 fecit,
1020 1927 1052 1972 ut
1069 1936 1144 1976 vere

189 2008 301 2068 dictum
329 2009 484 2069 rideaturr
520 2011 577 2070 sat
603 2010 703 2087 reique
731 2029 821 2068 mores
837 2009 963 2086 fingant
975 2011 1142 2089 fortunam.

189 2105 300 2182 Neque
319 2118 420 2175 tamen
442 2105 526 2184 prius
547 2106 597 2164 ille
612 2105 769 2175 fortunam,
789 2125 878 2182 quam
898 2125 930 2164 se
946 2105 1021 2186 ipse,
1037 2106 1142 2168 finxitr

190 2200 241 2277 qui
254 2200 340 2271 cavit,
354 2220 393 2260 ae
406 2221 467 2278 qua
479 2201 510 2258 in
523 2219 556 2259 re
567 2201 639 2280 jure
653 2202 842 2279 plecteretur.

229 2391 303 2450 XII.
324 2392 385 2450 His
397 2391 491 2470 igitur
503 2391 593 2454 rebus
607 2391 714 2462 effecit,
728 2405 760 2450 ut
771 2391 982 2470 M.Vipsauius
993 2394 1140 2472 Agrippa,

190 2485 295 2544 intima
306 2485 507 2544 familiaritate
524 2483 698 2562 conjunctus
716 2485 896 2546 adolescenti
911 2487 1032 2558 Caesari,
1048 2509 1140 2566 quum

190 2591 313 2658 propter
327 2599 413 2636 suam
427 2579 552 2656 gratiam
566 2590 595 2636 et
606 2577 733 2638 cenans
744 2584 907 2658 potentiam
918 2583 1027 2641 nullius
1041 2585 1139 2642 condi·

189 2673 276 2730 tionis
292 2693 351 2730 non
364 2674 491 2732 haberet
507 2684 695 2752 potestatem,
710 2674 897 2752 potissimum
913 2679 977 2756 ejus
994 2677 1140 2756 deligeret

189 2766 372 2835 affinitatem,
389 2780 627 2845 praeoptaretque
644 2768 750 2846 equitis
767 2770 895 2830 Romani
908 2773 999 2832 filiam
1016 2794 1139 2850 genero·

189 2879 288 2919 aarum
308 2860 429 2938 nuptiis.
469 2862 571 2939 Atque
586 2862 878 2942 harumnuptiarum
894 2868 1068 2926 conciliator
1083 2868 1140 2928 fuit

189 2957 260 3034 (non
270 2967 317 3014 est
330 2954 412 3013 enim
423 2956 592 3033 celandum)
603 2957 644 3015 M.
652 2958 810 3030 Antonius,
822 2961 955 3022 triumvir
964 2963 1138 3042 reipublicae

188 3053 419 3124 constituendas:
451 3055 536 3132 cnjus
564 3055 660 3133 gratia
683 3075 774 3134 quum
800 3077 911 3136 augere
936 3060 1139 3138 possessiones

187 3163 288 3230 posset
304 3171 382 3219 suas,
396 3161 511 3228 tantum
529 3149 622 3208 abfuit
638 3169 656 3208 a
671 3151 834 3230 cupiditate
851 3154 996 3231 pecuniae,
1011 3168 1042 3214 ut
1057 3157 1140 3216 nulla

187 3245 218 3303 in
236 3266 268 3304 re
285 3266 355 3304 usus
372 3245 467 3315 sitae,
482 3245 539 3304 nisi
556 3246 587 3303 in
604 3245 800 3325 deprecandis
818 3248 980 3308 amicorum
998 3263 1048 3308 ant
1061 3251 1138 3330 peri-

188 3342 271 3412 culis,
287 3353 337 3400 aut
352 3341 555 3401 incommodis.
596 3341 688 3413 Quod
702 3341 823 3419 quidem
840 3343 895 3402 sub
909 3344 975 3422 ipsa
990 3346 1138 3425 proscrip-

187 3436 268 3494 tione
282 3437 450 3515 perillustre
463 3436 527 3500 fuir
567 3437 648 3496 Nam
662 3458 754 3514 quum
768 3438 938 3509 L.Saufeii,
953 3440 1061 3518 equitis
1075 3442 1136 3500 Ro·

186 3531 275 3602 mani,
297 3531 420 3610 aequalis
443 3531 499 3600 aui,
521 3532 574 3608 qui
597 3533 764 3610 complures
788 3553 887 3604 annos,
909 3535 1007 3595 studio
1030 3535 1137 3596 ductus

185 3626 392 3707 philosophiae,
406 3627 533 3687 Athenis
546 3629 706 3699 habitabat,
719 3629 906 3707 habebatque
923 3631 955 3688 in
968 3630 1055 3690 Italia
1070 3652 1136 3709 pre·

185 3723 276 3783 tiosos
289 3723 501 3802 possessiones,
514 3723 660 3783 triumviri
674 3724 751 3782 bona
763 3724 965 3784 vendidissent
982 3737 1136 3784 consuetu·

185 3815 255 3879 dine
279 3839 326 3894 ea,
347 3839 408 3899 qua
429 3831 493 3881 tum
516 3840 564 3881 rea
587 3819 785 3900 gerebantur:
808 3819 901 3882 Attici
917 3820 1020 3880 labore
1045 3831 1136 3898 atque
