2664 4508
175 783 225 870 M.
250 783 294 870 l.
323 782 654 870 olonnonls
690 783 844 870 otto
879 784 1089 889 MAJllll,

586 982 683 1022 slve

293 1119 388 1194 DE
444 1105 972 1241 SENEMUTE.

346 1443 399 1502 Ad
416 1441 525 1502 Tmou
543 1443 738 1502 Pouroumu
756 1445 915 1504 Ans-mnu.

193 1569 218 1628 Ι.
243 1568 271 1628 0
290 1567 365 1637 Tite,
378 1569 405 1625 si
418 1568 492 1645 quid
504 1587 557 1644 ego
570 1568 683 1646 adiuro,
697 1587 830 1626 curamve
841 1567 959 1642 levasso,

243 1663 316 1740 Quor
329 1683 403 1723 nuuc
416 1674 443 1722 te
457 1665 560 1740 coquit,
575 1675 602 1722 ct
615 1673 710 1722 verm
723 1665 754 1722 in
764 1675 877 1740 pectore
880 1663 962 1739 fica,

239 1761 360 1838 Ecquid
373 1762 429 1818 crit
437 1761 569 1836 prtem?

154 1857 242 1916 Licet
258 1858 337 1915 enim
354 1857 489 1916 versibus
505 1855 621 1914 eisdem
638 1854 711 1913 mihi
728 1855 810 1914 affari
825 1869 865 1926 te,
877 1855 987 1927 Attice,
999 1855 1107 1934 quibus

152 1953 259 2012 affatur
271 1952 485 2022 Flamininum,

240 2048 298 2106 Ille
310 2047 462 2117 cinitoni
473 2067 584 2124 magns
597 2067 662 2106 cum
674 2065 714 2118 rc,
728 2047 779 2106 ced
787 2045 992 2125 pleuu'fidci:

151 2162 332 2223 quamquam
342 2157 424 2203 certo
435 2147 507 2217 scio,
515 2164 583 2213 uon,
598 2156 630 2202 ut
642 2143 854 2215 Flamininum,

242 2239 404 2298 Sollicitari
418 2250 453 2308 te,
470 2239 547 2308 Tite,
561 2240 603 2296 cic
615 2247 760 2315 noctesque
773 2240 897 2316 dicique.

151 2334 233 2393 Nori
248 2335 326 2393 enim
341 2333 576 2392 moderationem
594 2333 686 2391 enimi
698 2333 752 2403 tui,
766 2345 797 2391 et
810 2334 997 2410 aequitatem:
1014 2346 1106 2412 teque

149 2451 210 2489 non
221 2450 387 2508 cognomen
397 2432 494 2488 solum
503 2430 629 2489 Athenis
638 2429 819 2512 deportasse,
831 2429 885 2488 sed
894 2429 1104 2490 humanitatem

150 2539 182 2586 et
200 2525 392 2605 prudentiam
412 2527 559 2608 intelligo.
600 2526 643 2584 Et
663 2539 763 2584 tamen
784 2539 815 2584 te
836 2526 971 2608 suspicor
990 2525 1105 2586 eisdem

149 2623 248 2691 rebus,
265 2623 373 2700 quibus
396 2643 446 2680 me
468 2622 577 2701 ipsum,
594 2622 745 2682 interdum
771 2623 889 2702 gravius
913 2612 1104 2697 commoveri,

149 2737 274 2797 quarum
291 2717 454 2790 consolatio
470 2731 501 2776 et
518 2718 614 2797 major
630 2731 686 2789 est,
701 2731 732 2776 et
748 2719 779 2776 in
797 2719 878 2780 aliud
890 2732 1009 2799 tempus
1023 2720 1104 2779 diffe-

148 2813 247 2873 rende.
288 2813 380 2872 Nunc
398 2826 498 2872 autem
515 2815 612 2873 visum
630 2827 676 2873 est
692 2814 765 2874 mihi
782 2815 821 2874 de
837 2827 973 2874 senectute
990 2815 1102 2894 aliquid

149 2909 187 2967 ad
203 2922 234 2967 te
251 2909 450 2968 conscribere.
492 2914 521 2968 2.
538 2909 609 2968 Hoc
625 2909 705 2968 enim
723 2929 823 2980 onere,
839 2911 919 2988 quod
936 2911 1009 2970 mihi
1025 2932 1103 2970 com·

146 3023 238 3064 mune
254 3017 356 3064 tecum
374 3019 427 3075 est,
443 3017 494 3072 aut
511 3004 574 3083 jam
594 3005 805 3084 argentinam
821 3019 901 3064 certe
919 3006 1103 3066 adventantis

146 3101 317 3171 senectutis,
331 3114 362 3160 et
378 3113 408 3159 te
425 3113 456 3159 et
473 3119 523 3183 me
537 3101 635 3180 ipsum
649 3100 742 3159 levari
755 3101 840 3160 volo:
863 3100 919 3160 etsi
931 3113 962 3160 te
979 3101 1102 3180 quidem

146 3193 177 3250 id
195 3193 312 3254 modice
331 3213 366 3252 ac
382 3193 543 3272 sapienter,
557 3195 636 3252 sicut
652 3194 760 3264 omnia,
775 3205 806 3252 et
821 3193 911 3264 ferre,
926 3206 956 3252 et
972 3195 1102 3256 laturum

147 3307 213 3346 esse
224 3290 387 3372 certeseia.
417 3288 478 3347 Sed
490 3289 572 3360 mihi,
582 3309 650 3354 cnm
661 3289 700 3348 de
710 3299 861 3348 senectute
869 3291 978 3350 vellem
988 3289 1101 3368 aliquid

145 3383 287 3452 scribere,
302 3395 337 3442 tu
357 3387 531 3444 occurrebas
552 3385 660 3463 dignus
681 3405 719 3445 eo
738 3404 951 3463 munereque
972 3398 1100 3460 uterque

143 3493 281 3539 nostrum
296 3481 492 3539 communiter
506 3494 648 3542 uteretur.
688 3481 766 3539 Mihi
780 3481 900 3558 quidem
914 3481 958 3537 ita
966 3477 1100 3557 jucunda

142 3576 233 3654 hujus
250 3572 319 3632 libri
337 3575 482 3635 conlectio
497 3577 562 3647 fuit,
577 3589 611 3635 nt
627 3597 686 3635 non
703 3575 792 3633 modo
809 3591 912 3631 omnes
924 3574 1100 3658 absterserit

142 3657 303 3730 senectutis
321 3671 479 3744 molestias,
493 3673 547 3743 sed
561 3672 693 3732 effecerit
707 3670 826 3728 mollem
841 3667 931 3738 etiam
948 3682 979 3728 et
990 3670 1097 3750 jucnn-

143 3765 212 3826 dnm
233 3779 428 3834 senectutem,
477 3767 643 3848 Nunquam
665 3765 757 3847 igitur
778 3763 849 3827 setis
869 3762 985 3838 landari
1006 3765 1097 3857 digne

604 3865 634 3931 Α
