2698 4508
356 485 428 526 srva
446 484 486 550 na
504 481 774 528 antonia-oar.
787 483 885 538 xxva,
896 458 1015 530 xxvii(
1114 473 1155 531 ot
1240 491 1244 502 ·
1331 471 1333 478 ’

342 615 556 704 Μαὲιιωιυπσ
567 636 655 694 agero
666 617 784 692 gratioe
801 615 898 676 Ticis
911 618 1008 676 mitt?

200 709 282 772 Satis
294 711 559 789 eratresponders‚
571 711 703 787 Magnae
710 735 724 778 ‚·
743 711 878 787 ingesta,
890 711 993 788 inquit.
1027 712 1157 792 Semper

203 818 294 884 angst
310 819 477 874 assentator
490 805 531 876 io,
544 805 625 882 quod
637 806 771 883 maujos
784 805 826 890 ad
840 807 1022 868 voluntatem
1037 806 1155 878 dicitur,

102 962 108 972 ,
202 893 502 978 vultessemagnum.
542 905 590 959 99.
605 900 821 972 Quamobrem,
831 901 967 976 quamtis
978 901 1089 967 blanda
1099 902 1157 962 ista

202 994 316 1052 vanitas
330 995 410 1072 apud
421 1015 474 1054 eos
485 996 591 1066 valam,
601 994 652 1072 qai
662 994 720 1073 ipsi
730 995 812 1060 illam
827 997 967 1056 allectant
978 1009 1009 1055 et
1018 996 1154 1068 invitant3

199 1100 302 1148 tamen
320 1090 408 1150 etiam
427 1089 578 1167 graviores
595 1089 865 1166 constantioresque
883 1090 1061 1150 admonendi
1078 1104 1155 1160 sunt,
1256 1159 1260 1166 ⁴

199 1196 237 1242 ut
257 1183 387 1242 animum
407 1183 568 1253 advertant,
584 1204 625 1242 ne
643 1183 752 1243 callida
776 1185 972 1244 assentatione
994 1187 1155 1264 capiantur.

202 1279 321 1356 Aperta
331 1279 408 1336 enim
420 1279 589 1338 adulantem
600 1298 688 1338 nemo
698 1299 757 1336 non
766 1278 857 1348 uidet,
866 1280 922 1338 nisi
931 1280 984 1356 qui
994 1281 1155 1340 admodum

201 1386 249 1432 est
259 1391 380 1432 excorst
399 1373 524 1442 mllidus
532 1373 584 1432 ille
595 1385 625 1436 et
636 1374 768 1438 occultus
781 1393 820 1435 ns
833 1393 867 1434 se
878 1375 1014 1442 insinuet,
1024 1375 1156 1434 studiosa

201 1467 367 1528 cavendum
378 1481 430 1529 ost.
471 1468 539 1526 Nec
549 1451 629 1526 enirn
639 1467 781 1526 facillime
792 1469 969 1546 agnoscitur,
979 1469 1093 1548 qnippe
1105 1469 1156 1545 qui

199 1560 293 1638 'otiam
308 1559 492 1622 adversando
505 1579 586 1638 saepe
599 1571 774 1629 assentetur,
782 1572 819 1630 et,
825 1559 944 1638 litigare
958 1560 1154 1630 assimulans,

202 1654 381 1726 blandiatur,
399 1667 487 1732 atque
512 1653 550 1713 ad
573 1665 741 1713 extremum
762 1653 816 1712 det
837 1675 951 1725 manus,
965 1655 1099 1732 uncique
1122 1675 1156 1714 se

199 1750 342 1830 patiatur;
361 1762 394 1810 nt
404 1749 438 1818 is,
449 1748 500 1827 qni
510 1748 615 1806 illusus
627 1747 677 1818 sit,
688 1749 756 1826 plus
767 1748 875 1814 uniisse
885 1750 1031 1813 videatur.
1071 1749 1156 1822 Quid

200 1857 304 1916 autem
313 1845 440 1922 turpius,
449 1863 539 1921 quam
550 1842 634 1902 illudi
645 1843 657 1904 l
698 1842 791 1915 Quod
803 1863 841 1902 ns
855 1845 979 1916 accidat,
991 1845 1156 1904 cavendam

201 1951 257 2009 ¹est,
268 1950 300 1998 ut
313 1939 343 1997 in
354 1939 517 2016 Epicloro:
572 1951 574 1956 ’

321 2033 423 2092 Hodie
435 2053 480 2092 mc
493 2043 560 2092 aare
572 2052 666 2094 omues
679 2033 1003 2096 annuntiatorem

202 2196 205 2206 Ι
329 2129 467 2198 Varaoris,
481 2139 568 2206 atquc
580 2129 739 2194 emmanu
751 2129 919 2194 lautissime.

202 2225 274 2300 μοι).
295 2221 373 2282 Haec
390 2222 473 2296 ,enim
491 2223 582 2294 etiam
599 2223 629 2280 in
646 2221 755 2283 fabulis
767 2223 948 2288 stultissima
963 2243 1092 2300 persona
1111 2236 1158 2286 ost

202 2317 441 2397 improvidorum,
458 2329 489 2376 at
504 2317 704 2380 credulorum
724 2336 838 2384 senum.
890 2317 961 2386 Sed,
978 2318 1078 2376 nascio
1098 2339 1158 2395 quo

201 2427 301 2492 pacto,
311 2413 349 2470 ab
355 2412 493 2482 amicitiis
501 2412 704 2492 perfectoram
712 2413 871 2480 hominum,
878 2411 909 2472 id
917 2422 969 2481 est,
978 2412 1158 2490 sapientium

202 2508 257 2586 ‚ida
278 2509 332 2568 bac
352 2508 421 2568 dico
442 2508 597 2587 sapientia,
614 2527 681 2590 ques
696 2507 815 2566 ridetur
831 2507 862 2564 in
878 2507 1028 2574 hominem
1049 2506 1157 2569 cadere

202 2603 305 2686 posse)
318 2602 450 2676 adleves
463 2603 609 2664 amicitias
619 2603 742 2662 deflexit
755 2602 860 2662 oratio.
900 2601 1107 2673 Quamobrem
1120 2601 1159 2662 ad

203 2697 255 2762 illa
267 2697 363 2776 prima
375 2681 543 2769 redeamus,
554 2717 649 2776 eaque
663 2697 729 2776 ipsa
742 2697 954 2766 concludamus
970 2697 1138 2776 aliquando.

204 2929 208 2945 .
244 2887 381 2951 XXVII.
402 2887 515 2957 Virtus,
538 2887 638 2957 virtus,
660 2888 791 2965 iuquam,
814 2887 850 2946 0.
864 2888 973 2958 Fanni,
996 2901 1028 2948 st
1050 2901 1093 2959 tu,
1116 2888 1157 2962 Q.

204 2983 299 3054 Muci,
310 2997 342 3044 et
354 2983 495 3044 conciliat
508 2983 660 3053 amicitias,
672 2996 703 3042 et
716 2995 880 3048 conservat.
921 2983 956 3042 In
968 3003 1006 3042 aa
1018 2996 1065 3042 ast
1078 2984 1158 3042 enim

204 3079 411 3147 convenientia
424 3097 536 3146 rerum,
547 3078 578 3138 ia
592 3099 629 3141 ea
642 3078 793 3148 stabilitas,
805 3077 837 3139 in
850 3097 888 3140 ea
898 3077 1074 3136 constantia:
1091 3099 1171 3154 quse⁴

205 3197 275 3239 oum
286 3191 324 3236 ¹se
337 3177 452 3246 extulit,
465 3188 498 3236 et
511 3176 641 3242 ostendit
653 3177 756 3237 lumen
772 3195 868 3246 suum,
882 3189 913 3236 et
926 3175 1008 3238 idem
1022 3174 1159 3253 adspexit

205 3271 386 3348 agnovitque
402 3271 433 3337 io
450 3271 518 3342 alio,
533 3271 616 3340 adid
630 3291 663 3332 se
680 3272 827 3342 admovet,
841 3271 1030 3348 vicissimque
1048 3270 1159 3348 accipit

205 3364 290 3434 illud,
300 3365 380 3442 quod
390 3366 419 3428 iu
434 3369 528 3429 altero
537 3379 598 3439 ast,
616 3385 656 3426 ex
667 3387 729 3445 qno
736 3366 907 3426 exardescit
921 3367 983 3426 sire
995 3385 1085 3434 amor,
1095 3366 1158 3424 sive

206 3458 344 3531 amicitia.
385 3460 553 3538 Utrumque
566 3462 646 3532 enim
661 3461 772 3524 dictum
786 3475 832 3522 est
846 3462 884 3520 ab
898 3461 1040 3532 arnaudor
1059 3481 1159 3520 amara

206 3567 307 3619 autem
317 3553 396 3621 nihil
407 3555 487 3614 alind
495 3570 552 3626 est,
561 3557 618 3618 nisi
628 3577 697 3617 eum
707 3557 807 3635 ipsum
819 3555 955 3634 diligere,
964 3577 1055 3634 quem
1067 3577 1158 3627 ames,

203 3650 289 3720 nulla
302 3649 476 3728 indigentia,
489 3653 570 3714 nulla
586 3652 714 3730 utilitate
727 3650 870 3730 quaritur
893 3671 961 3728 quae
977 3667 1077 3712 tamen
1093 3653 1160 3731 ipsa

205 3744 365 3808 efflorescit
377 3765 417 3808 er
431 3747 571 3836 amicitia,
586 3748 677 3810 etiarn
691 3747 717 3808 si
730 3756 763 3806 tn
776 3765 845 3806 cam
859 3745 956 3808 minus
973 3761 1093 3808 assutas
1109 3748 1159 3806 sia.

206 3845 273 3909 tul.
298 3841 367 3905 Hac
390 3860 445 3910 nos
471 3842 677 3930 adolescentes
698 3841 904 3906 benevolentia
921 3849 1013 3904 'mnas
1035 3841 1101 3902 illos
1122 3841 1159 3902 L.
