2646 4510
412 467 664 512 arriana-eas.
677 469 816 523 xix.,xx.
888 489 893 496 ·
1032 457 1092 518 ll't

145 596 194 655 bic
210 608 362 657 contentus
379 598 483 656 ordine
500 600 639 676 equestri,
653 621 713 677 quo
726 613 794 660 erat
811 613 902 674 ortus,
916 601 948 660 in
968 603 1091 664 affinita-

143 704 204 750 tem
214 692 350 771 pervenit
364 693 550 771 imperatoris
565 694 625 754 divi
640 695 709 753 filii:
727 717 817 773 quum
826 698 892 776 jam
905 711 974 758 ante
984 701 1092 760 famili·

143 789 276 847 aritatem
287 789 351 868 ejus
362 801 442 848 esset
451 803 629 850 consecutus
636 792 719 850 nulla
727 791 785 852 alia
792 813 835 863 re,
845 813 933 870 quam
943 796 1091 874 elegantia

140 883 218 954 vitre,
228 903 288 961 qua
301 895 415 943 ceteros
430 899 550 963 ceperat
560 886 709 965 principes
720 882 853 959 civitatis,
863 888 1005 967 dignitate
1015 891 1089 969 pari,

140 976 260 1038 fortuna
272 979 437 1038 humiliore.
480 981 576 1040 Tanta
590 981 670 1040 eninr
683 983 866 1061 prosperitas
879 984 1029 1044 Caesarem
1045 995 1091 1044 est

141 1086 307 1144 consecuta,
321 1086 356 1132 ut
371 1074 443 1132 nihil
457 1075 485 1132 ei
498 1095 558 1134 non
573 1075 706 1135 tribuerit
718 1076 845 1148 fortuna,
857 1079 939 1156 quod
953 1080 1090 1158 cuiquam

140 1180 209 1228 ante
226 1169 377 1240 detulerit,
392 1182 422 1227 et
439 1169 612 1240 conciliarit,
625 1171 706 1248 quod
722 1191 811 1230 nemo
829 1173 924 1232 adhuc
941 1175 1013 1233 civis
1028 1175 1087 1235 Ro·

138 1282 244 1324 manus
258 1264 352 1341 quivit
365 1265 513 1343 consequi.
553 1265 633 1324 Nata
649 1278 695 1324 est
711 1279 813 1326 autem
825 1268 927 1326 Attico
940 1270 1037 1347 neptia
1051 1291 1090 1329 ex

137 1361 286 1439 Agrippa,
297 1360 345 1418 cui
355 1360 500 1439 virginem
511 1360 602 1419 filiam
616 1362 781 1427 collocarat.
821 1362 910 1421 Hane
921 1364 1031 1434 Caesar,
1039 1364 1090 1424 vix

138 1455 316 1526 anniculam,
331 1455 457 1515 Tiberio
479 1455 609 1516 Claudio
629 1455 754 1526 Neroni,
773 1457 908 1516 Drusilla
929 1469 1008 1528 nato,
1030 1459 1090 1536 pri

136 1549 226 1628 vigne
245 1569 308 1620 suo,
322 1550 494 1629 despondit:
515 1571 581 1628 quas
595 1551 763 1630 conjunctio
776 1552 1024 1612 necessitudinem
1039 1573 1091 1613 eo·

136 1663 201 1702 rum
215 1645 324 1716 sanxit,
336 1645 566 1708 familiaritatem
579 1645 711 1706 reddidit
723 1647 966 1724 frequentiorem.

174 1837 249 1900 XX·
272 1835 416 1907 Quamvis
431 1849 498 1896 ante
510 1838 574 1896 baeo
590 1837 740 1916 sponsalia
752 1857 811 1897 non
828 1839 932 1908 solum,
946 1859 1036 1914 quum
1051 1839 1090 1897 ab

136 1933 210 1990 urbe
219 1932 346 2002 abesset,
353 1950 507 2009 nunquam
515 1932 552 1990 ad
560 1952 682 1991 suorum
689 1951 867 2009 quemquam
876 1933 989 1994 litteras
999 1933 1089 2004 misit,

136 2027 207 2104 quin
223 2026 328 2085 Attico
344 2027 484 2096 mitteret,
497 2025 568 2103 quid
586 2037 697 2102 ageret,
711 2026 866 2103 imprimis,
880 2027 951 2104 quid
964 2030 1088 2105 legeret,

135 2123 304 2198 quibusque
329 2121 360 2177 in
383 2121 464 2189 locis,
482 2133 512 2178 et
535 2139 625 2196 quam
644 2119 696 2175 diu
721 2131 799 2178 esset
822 2133 1007 2180 moraturusc
1036 2121 1090 2180 sed

135 2217 237 2286 etiam,
253 2208 345 2291 quum
362 2224 442 2271 esset
454 2212 486 2269 in
499 2214 581 2281 urbe,
596 2223 626 2269 et
640 2223 761 2290 propter
776 2232 844 2270 suas
860 2213 988 2272 infinitas
1005 2233 1090 2272 occu-

134 2313 275 2390 pationes
290 2308 388 2366 minus
401 2327 491 2386 saepe,
502 2327 591 2384 quam
602 2307 701 2376 vellet,
713 2305 815 2364 Attico
826 2305 980 2378 frueretur,
990 2309 1090 2367 nullus

136 2407 200 2466 dies
215 2419 336 2464 temere
351 2402 527 2473 intercessit,
540 2421 599 2479 quo
616 2421 675 2460 non
691 2401 729 2460 ad
745 2420 815 2464 eum
831 2401 983 2471 scriberet,
998 2421 1090 2479 quum

136 2503 226 2563 modo
250 2498 361 2577 aliquid
379 2497 419 2556 de
440 2497 615 2575 antiquitate
632 2497 670 2554 ab
685 2516 724 2555 eo
738 2495 913 2574 requireret,
927 2496 1017 2555 modo
1039 2497 1091 2558 ali·

139 2617 227 2672 quam
249 2595 280 2654 ei
299 2594 492 2672 questionem
512 2592 660 2672 poeticam
676 2604 866 2671 proponeret,
880 2591 1029 2653 interdurn
1043 2593 1090 2672 jo·

139 2709 210 2748 cans
224 2691 288 2768 ejus
302 2689 487 2750 verbosiores
503 2688 627 2747 eliceret
643 2688 793 2766 epistolas.
834 2687 885 2746 Ex
899 2708 957 2764 quo
971 2688 1088 2759 accidit,

140 2805 231 2861 quum
238 2783 321 2842 ardes
332 2784 354 2842 J
355 2783 417 2842 ovis
431 2775 569 2852 Feretrii,
580 2782 610 2840 in
622 2782 775 2860 Capitolio
789 2782 826 2842 ab
836 2783 967 2844 Romulo
981 2784 1088 2843 eonsti-

139 2891 214 2948 tute,
223 2891 368 2940 vetustate
380 2891 469 2956 atque
479 2878 594 2936 incuria
606 2877 724 2938 detecta
733 2878 948 2956 prolaberetur,
956 2891 988 2937 ut
996 2879 1090 2938 Attici

140 2974 292 3033 admonitu
310 2974 414 3032 Oaesar
432 2993 499 3036 eant
518 2973 711 3032 reficiendam
728 2987 853 3032 curaret.
893 2973 1003 3052 Neque
1019 2995 1090 3033 vero

141 3070 178 3126 ab
194 3069 237 3125 M.
246 3069 378 3126 Antonio
398 3067 494 3127 minus
516 3069 621 3127 absens
641 3068 745 3126 litteris
765 3069 934 3127 colebatur:
956 3067 1043 3137 adeo,
1057 3079 1091 3126 ut

142 3173 280 3220 accurate
294 3162 345 3220 ille
360 3182 398 3220 ex
412 3163 523 3220 ultimis
537 3163 631 3234 terris,
646 3161 717 3240 quid
733 3174 844 3240 ageret,
856 3161 928 3239 quid
942 3181 1020 3219 curae
1033 3161 1090 3218 sibi

140 3257 272 3326 baberet,
284 3257 439 3315 certiorem
452 3256 565 3315 bearet
577 3257 721 3316 Atticum.
762 3257 832 3314 Hoc
846 3257 934 3333 quale
948 3255 997 3325 sit,
1008 3254 1089 3312 facil-

140 3351 188 3411 ius
203 3351 384 3410 existimabit
397 3352 432 3422 ir,
446 3353 496 3430 qui
505 3352 644 3431 judicare
657 3351 775 3430 poterit,
789 3365 908 3429 quantae
922 3351 960 3410 sit
974 3349 1090 3428 sapien·

140 3445 199 3515 nae,
217 3467 320 3504 eorum
339 3447 469 3513 retinere
489 3467 578 3506 nsum¹
592 3445 899 3521 benevolentiamque,
916 3444 997 3502 inter
1015 3463 1090 3521 quoa

140 3541 338 3602 maximarum
357 3563 456 3602 rerum
476 3562 537 3604 non
556 3544 652 3600 solum
672 3541 832 3611 aemulatio,
846 3539 900 3598 sed
916 3539 1091 3618 obtrectatio

141 3646 222 3696 tanta
242 3637 454 3707 intercedebat,
477 3649 615 3715 quantam
635 3635 692 3694 fuit
713 3633 844 3692 incidere
867 3654 991 3693 necesse
1014 3635 1092 3696 inter

142 3730 292 3791 Caesarem
304 3747 391 3810 atque
398 3733 572 3814 Antonium,
581 3752 672 3810 quum
681 3751 714 3790 se
722 3728 1022 3809 uterqueprincipem
1032 3749 1092 3790 non

142 3826 238 3885 solum
251 3827 333 3886 urbis
344 3829 498 3898 Romame,
510 3827 563 3888 sed
574 3826 812 3892 urbicremarum
826 3845 891 3886 esse
905 3835 1037 3905 cuperet.
1083 3871 1089 3884 ,
