<?xml version="1.0" encoding="UTF-8"?>
<!DOCTYPE html PUBLIC "-//W3C//DTD XHTML 1.0 Transitional//EN"
    "http://www.w3.org/TR/xhtml1/DTD/xhtml1-transitional.dtd">
<html xmlns="http://www.w3.org/1999/xhtml" xml:lang="en" lang="en">
 <head>
  <title>
</title>
<meta http-equiv="Content-Type" content="text/html;charset=utf-8" />
  <meta name='ocr-system' content='tesseract 3.04.00' />
  <meta name='ocr-capabilities' content='ocr_page ocr_carea ocr_par ocr_line ocrx_word'/>
</head>
<body>
  <div class='ocr_page' id='page_1' title='image "./desenectutedeam00anthgoog_0028.png"; bbox 0 0 2664 4508; ppageno 0'>
   <div class='ocr_carea' id='block_1_1' title="bbox 420 355 1153 416">
    <p class='ocr_par' dir='ltr' id='par_1_1' title="bbox 420 355 1153 416">
     <span class='ocr_line' id='line_1_1' title="bbox 420 355 1153 416; baseline 0.012 -9"><span class='ocrx_word' id='word_1_1' title='bbox 420 366 491 408; x_wconf 84' lang='lat' dir='ltr'><strong>srva</strong></span> <span class='ocrx_word' id='word_1_2' title='bbox 510 367 550 408; x_wconf 86' lang='lat' dir='ltr'><strong>nu</strong></span> <span class='ocrx_word' id='word_1_3' title='bbox 568 367 875 413; x_wconf 67' lang='lat' dir='ltr'><strong>sennarum—car.</strong></span> <span class='ocrx_word' id='word_1_4' title='bbox 891 370 934 412; x_wconf 92' lang='lat' dir='ltr'><strong>v1.</strong></span> <span class='ocrx_word' id='word_1_5' title='bbox 1133 355 1153 416; x_wconf 78' lang='lat' dir='ltr'><strong>&#39;l</strong></span> 
     </span>
    </p>
   </div>
   <div class='ocr_carea' id='block_1_2' title="bbox 127 487 1155 587">
    <p class='ocr_par' dir='ltr' id='par_1_2' title="bbox 127 487 1155 587">
     <span class='ocr_line' id='line_1_2' title="bbox 127 487 1155 587; baseline 0.006 -29"><span class='ocrx_word' id='word_1_6' title='bbox 127 487 131 496; x_wconf 74' lang='grc'><strong>’</strong></span> <span class='ocrx_word' id='word_1_7' title='bbox 193 491 299 558; x_wconf 70' lang='lat' dir='ltr'><strong>mmen</strong></span> <span class='ocrx_word' id='word_1_8' title='bbox 316 496 577 587; x_wconf 71' lang='lat' dir='ltr'><strong>administrenturl</strong></span> <span class='ocrx_word' id='word_1_9' title='bbox 617 498 702 558; x_wconf 92' lang='lat' dir='ltr'><strong>Nihil</strong></span> <span class='ocrx_word' id='word_1_10' title='bbox 715 519 789 580; x_wconf 86' lang='lat' dir='ltr'><strong>argo</strong></span> <span class='ocrx_word' id='word_1_11' title='bbox 803 500 914 580; x_wconf 84' lang='lat' dir='ltr'><strong>agebat</strong></span> <span class='ocrx_word' id='word_1_12' title='bbox 927 497 968 574; x_wconf 86' lang='lat' dir='ltr'><strong>Q.</strong></span> <span class='ocrx_word' id='word_1_13' title='bbox 979 500 1155 564; x_wconf 82' lang='lat' dir='ltr'><strong>Maximusl</strong></span> 
     </span>
    </p>
   </div>
   <div class='ocr_carea' id='block_1_3' title="bbox 195 593 1242 676">
    <p class='ocr_par' dir='ltr' id='par_1_3' title="bbox 195 593 1242 676">
     <span class='ocr_line' id='line_1_3' title="bbox 195 593 1242 676; baseline 0.003 -24"><span class='ocrx_word' id='word_1_14' title='bbox 195 594 275 652; x_wconf 86' lang='lat' dir='ltr'>nihil</span> <span class='ocrx_word' id='word_1_15' title='bbox 290 595 326 653; x_wconf 91' lang='lat' dir='ltr'><strong>L.</strong></span> <span class='ocrx_word' id='word_1_16' title='bbox 338 593 462 663; x_wconf 91' lang='lat' dir='ltr'><strong>Paulus,</strong></span> <span class='ocrx_word' id='word_1_17' title='bbox 476 604 562 673; x_wconf 88' lang='lat' dir='ltr'><strong>pater</strong></span> <span class='ocrx_word' id='word_1_18' title='bbox 580 606 659 666; x_wconf 91' lang='lat' dir='ltr'><strong>tuus,</strong></span> <span class='ocrx_word' id='word_1_19' title='bbox 674 595 787 675; x_wconf 82' lang='lat' dir='ltr'><strong>Scipio,</strong></span> <span class='ocrx_word' id='word_1_20' title='bbox 801 615 888 655; x_wconf 87' lang='lat' dir='ltr'><strong>socer</strong></span> <span class='ocrx_word' id='word_1_21' title='bbox 904 594 1009 676; x_wconf 86' lang='lat' dir='ltr'><strong>optimi</strong></span> <span class='ocrx_word' id='word_1_22' title='bbox 1021 596 1086 669; x_wconf 85' lang='lat' dir='ltr'><strong>viri,</strong></span> <span class='ocrx_word' id='word_1_23' title='bbox 1100 597 1155 657; x_wconf 88' lang='lat' dir='ltr'><strong>filii</strong></span> <span class='ocrx_word' id='word_1_24' title='bbox 1240 629 1242 636; x_wconf 43' lang='grc' dir='ltr'><strong><em>ι</em></strong></span> 
     </span>
    </p>
   </div>
   <div class='ocr_carea' id='block_1_4' title="bbox 127 689 1157 2012">
    <p class='ocr_par' dir='ltr' id='par_1_4' title="bbox 193 689 1155 1246">
     <span class='ocr_line' id='line_1_4' title="bbox 195 689 1153 768; baseline 0.006 -20"><span class='ocrx_word' id='word_1_25' title='bbox 195 689 284 748; x_wconf 84' lang='lat' dir='ltr'><strong>meii</strong></span> <span class='ocrx_word' id='word_1_26' title='bbox 305 689 396 749; x_wconf 88' lang='lat' dir='ltr'><strong>ceteri</strong></span> <span class='ocrx_word' id='word_1_27' title='bbox 410 710 506 761; x_wconf 85' lang='lat' dir='ltr'><strong>senes,</strong></span> <span class='ocrx_word' id='word_1_28' title='bbox 520 690 662 762; x_wconf 76' lang='lat' dir='ltr'>Fabricii,</span> <span class='ocrx_word' id='word_1_29' title='bbox 676 691 770 768; x_wconf 85' lang='lat' dir='ltr'><strong>Curii,</strong></span> <span class='ocrx_word' id='word_1_30' title='bbox 785 691 976 764; x_wconf 82' lang='lat' dir='ltr'><strong>Coruncanii,</strong></span> <span class='ocrx_word' id='word_1_31' title='bbox 990 714 1058 752; x_wconf 90' lang='lat' dir='ltr'><strong>cum</strong></span> <span class='ocrx_word' id='word_1_32' title='bbox 1077 715 1153 754; x_wconf 92' lang='lat' dir='ltr'><strong>rem·</strong></span> 
     </span>
     <span class='ocr_line' id='line_1_5' title="bbox 194 778 1153 870; baseline 0.005 -26"><span class='ocrx_word' id='word_1_33' title='bbox 194 785 351 864; x_wconf 85' lang='lat' dir='ltr'><strong>publicam</strong></span> <span class='ocrx_word' id='word_1_34' title='bbox 377 786 501 846; x_wconf 88' lang='lat' dir='ltr'><strong>consilio</strong></span> <span class='ocrx_word' id='word_1_35' title='bbox 521 799 553 846; x_wconf 90' lang='lat' dir='ltr'><strong>et</strong></span> <span class='ocrx_word' id='word_1_36' title='bbox 575 778 749 847; x_wconf 83' lang='lat' dir='ltr'><strong>auctbritate</strong></span> <span class='ocrx_word' id='word_1_37' title='bbox 768 785 976 859; x_wconf 81' lang='lat' dir='ltr'>defendebant,</span> <span class='ocrx_word' id='word_1_38' title='bbox 993 788 1065 847; x_wconf 88' lang='lat' dir='ltr'><strong>nihil</strong></span> <span class='ocrx_word' id='word_1_39' title='bbox 1085 809 1153 870; x_wconf 85' lang='lat' dir='ltr'><strong>age-</strong></span> 
     </span>
     <span class='ocr_line' id='line_1_6' title="bbox 193 880 1153 962; baseline 0.007 -24"><span class='ocrx_word' id='word_1_40' title='bbox 193 880 290 940; x_wconf 84' lang='lat' dir='ltr'><strong>bantl</strong></span> <span class='ocrx_word' id='word_1_41' title='bbox 325 887 371 940; x_wconf 90' lang='grc'><strong>16.</strong></span> <span class='ocrx_word' id='word_1_42' title='bbox 384 881 436 941; x_wconf 88' lang='lat' dir='ltr'><strong>Ad</strong></span> <span class='ocrx_word' id='word_1_43' title='bbox 448 880 544 962; x_wconf 86' lang='lat' dir='ltr'><strong>Appii</strong></span> <span class='ocrx_word' id='word_1_44' title='bbox 559 881 680 942; x_wconf 83' lang='lat' dir='ltr'><strong>Claudii</strong></span> <span class='ocrx_word' id='word_1_45' title='bbox 688 883 873 944; x_wconf 89' lang='lat' dir='ltr'><strong>senectutem</strong></span> <span class='ocrx_word' id='word_1_46' title='bbox 884 882 1046 948; x_wconf 77' lang='lat' dir='ltr'><strong>accedebat</strong></span> <span class='ocrx_word' id='word_1_47' title='bbox 1054 883 1153 958; x_wconf 84' lang='lat' dir='ltr'><strong>etiam,</strong></span> 
     </span>
     <span class='ocr_line' id='line_1_7' title="bbox 194 977 1155 1048; baseline 0.003 -12"><span class='ocrx_word' id='word_1_48' title='bbox 194 987 231 1036; x_wconf 92' lang='lat' dir='ltr'><strong>ut</strong></span> <span class='ocrx_word' id='word_1_49' title='bbox 246 997 346 1036; x_wconf 84' lang='lat' dir='ltr'><strong>caecus</strong></span> <span class='ocrx_word' id='word_1_50' title='bbox 359 988 454 1036; x_wconf 85' lang='lat' dir='ltr'><strong>esset:</strong></span> <span class='ocrx_word' id='word_1_51' title='bbox 472 989 572 1036; x_wconf 89' lang='lat' dir='ltr'><strong>temen</strong></span> <span class='ocrx_word' id='word_1_52' title='bbox 583 977 617 1048; x_wconf 87' lang='lat' dir='ltr'><strong>is,</strong></span> <span class='ocrx_word' id='word_1_53' title='bbox 629 998 698 1037; x_wconf 91' lang='lat' dir='ltr'><strong>cum</strong></span> <span class='ocrx_word' id='word_1_54' title='bbox 711 979 857 1039; x_wconf 89' lang='lat' dir='ltr'><strong>sententia</strong></span> <span class='ocrx_word' id='word_1_55' title='bbox 870 992 990 1038; x_wconf 89' lang='lat' dir='ltr'><strong>senatus</strong></span> <span class='ocrx_word' id='word_1_56' title='bbox 1000 978 1155 1040; x_wconf 87' lang='lat' dir='ltr'><strong>inclinaret</strong></span> 
     </span>
     <span class='ocr_line' id='line_1_8' title="bbox 193 1071 1155 1184; baseline 0.006 -55"><span class='ocrx_word' id='word_1_57' title='bbox 193 1071 237 1130; x_wconf 89' lang='lat' dir='ltr'><strong>ad</strong></span> <span class='ocrx_word' id='word_1_58' title='bbox 248 1091 356 1158; x_wconf 81' lang='lat' dir='ltr'><strong>pacem</strong></span> <span class='ocrx_word' id='word_1_59' title='bbox 370 1093 438 1130; x_wconf 91' lang='lat' dir='ltr'><strong>cum</strong></span> <span class='ocrx_word' id='word_1_60' title='bbox 448 1072 565 1150; x_wconf 84' lang='lat' dir='ltr'><strong>Pyrrho</strong></span> <span class='ocrx_word' id='word_1_61' title='bbox 574 1071 747 1164; x_wconf 80' lang='lat' dir='ltr'><strong>foedusque</strong></span> <span class='ocrx_word' id='word_1_62' title='bbox 742 1073 924 1144; x_wconf 84' lang='lat' dir='ltr'><strong>faciendum,</strong></span> <span class='ocrx_word' id='word_1_63' title='bbox 933 1094 994 1184; x_wconf 79' lang='lat' dir='ltr'><strong>pon</strong></span> <span class='ocrx_word' id='word_1_64' title='bbox 1008 1074 1155 1135; x_wconf 81' lang='lat' dir='ltr'><strong>dubitavit</strong></span> 
     </span>
     <span class='ocr_line' id='line_1_9' title="bbox 193 1151 996 1266; baseline 0.005 -42"><span class='ocrx_word' id='word_1_65' title='bbox 193 1165 301 1225; x_wconf 86' lang='lat' dir='ltr'><strong>dicere</strong></span> <span class='ocrx_word' id='word_1_66' title='bbox 313 1166 373 1236; x_wconf 85' lang='lat' dir='ltr'><strong>illa,</strong></span> <span class='ocrx_word' id='word_1_67' title='bbox 385 1187 452 1245; x_wconf 84' lang='lat' dir='ltr'><strong>quae</strong></span> <span class='ocrx_word' id='word_1_68' title='bbox 466 1167 601 1225; x_wconf 80' lang='lat' dir='ltr'><strong>versibus</strong></span> <span class='ocrx_word' id='word_1_69' title='bbox 614 1181 788 1266; x_wconf 85' lang='lat' dir='ltr'><strong>persecutus</strong></span> <span class='ocrx_word' id='word_1_70' title='bbox 802 1183 848 1229; x_wconf 90' lang='lat' dir='ltr'><strong>est</strong></span> <span class='ocrx_word' id='word_1_71' title='bbox 861 1151 996 1230; x_wconf 81' lang='lat' dir='ltr'><strong>Ennius:</strong></span> 
     </span>
    </p>

    <p class='ocr_par' dir='ltr' id='par_1_5' title="bbox 263 1261 1010 1342">
     <span class='ocr_line' id='line_1_10' title="bbox 263 1261 1010 1342; baseline 0.007 -23.437"><span class='ocrx_word' id='word_1_72' title='bbox 263 1261 387 1342; x_wconf 81' lang='lat' dir='ltr'><strong>Quo</strong></span> <span class='ocrx_word' id='word_1_73' title='bbox 401 1261 482 1320; x_wconf 75' lang='lat' dir='ltr'><strong>vobis</strong></span> <span class='ocrx_word' id='word_1_74' title='bbox 494 1265 607 1332; x_wconf 63' lang='lat' dir='ltr'><strong>meotes,</strong></span> <span class='ocrx_word' id='word_1_75' title='bbox 620 1273 703 1320; x_wconf 73' lang='lat' dir='ltr'><strong>recte</strong></span> <span class='ocrx_word' id='word_1_76' title='bbox 717 1283 779 1341; x_wconf 82' lang='lat' dir='ltr'><strong>quae</strong></span> <span class='ocrx_word' id='word_1_77' title='bbox 791 1274 869 1323; x_wconf 77' lang='lat' dir='ltr'><strong>ctare</strong></span> <span class='ocrx_word' id='word_1_78' title='bbox 881 1265 1010 1338; x_wconf 71' lang='lat' dir='ltr'><strong>solebant</strong></span> 
     </span>
    </p>

    <p class='ocr_par' dir='ltr' id='par_1_6' title="bbox 127 1349 1157 2012">
     <span class='ocr_line' id='line_1_11' title="bbox 245 1349 902 1436; baseline 0.005 -21.381"><span class='ocrx_word' id='word_1_79' title='bbox 245 1349 460 1427; x_wconf 76' lang='lat' dir='ltr'><strong>Antehac,</strong></span> <span class='ocrx_word' id='word_1_80' title='bbox 475 1355 614 1415; x_wconf 70' lang='lat' dir='ltr'><strong>demente</strong></span> <span class='ocrx_word' id='word_1_81' title='bbox 627 1376 684 1416; x_wconf 76' lang='lat' dir='ltr'><strong>cese</strong></span> <span class='ocrx_word' id='word_1_82' title='bbox 690 1357 802 1436; x_wconf 73' lang='lat' dir='ltr'><strong>flectcre</strong></span> <span class='ocrx_word' id='word_1_83' title='bbox 815 1359 902 1418; x_wconf 77' lang='lat' dir='ltr'><strong>vici?</strong></span> 
     </span>
     <span class='ocr_line' id='line_1_12' title="bbox 192 1405 1157 1561; baseline 0.001 -47"><span class='ocrx_word' id='word_1_84' title='bbox 192 1405 365 1561; x_wconf 38' lang='lat' dir='ltr'><strong>ceteraque·</strong></span> <span class='ocrx_word' id='word_1_85' title='bbox 377 1450 567 1531; x_wconf 78' lang='lat' dir='ltr'><strong>gravissime·</strong></span> <span class='ocrx_word' id='word_1_86' title='bbox 589 1463 695 1510; x_wconf 89' lang='lat' dir='ltr'><strong>notum</strong></span> <span class='ocrx_word' id='word_1_87' title='bbox 711 1453 792 1513; x_wconf 86' lang='lat' dir='ltr'><strong>enim</strong></span> <span class='ocrx_word' id='word_1_88' title='bbox 805 1453 889 1513; x_wconf 81' lang='lat' dir='ltr'><strong>vobis</strong></span> <span class='ocrx_word' id='word_1_89' title='bbox 906 1474 1025 1514; x_wconf 87' lang='lat' dir='ltr'><strong>carmen</strong></span> <span class='ocrx_word' id='word_1_90' title='bbox 1042 1468 1113 1530; x_wconf 72' lang='lat' dir='ltr'><strong>est5</strong></span> <span class='ocrx_word' id='word_1_91' title='bbox 1126 1468 1157 1516; x_wconf 86' lang='lat' dir='ltr'><strong>et</strong></span> 
     </span>
     <span class='ocr_line' id='line_1_13' title="bbox 127 1525 1155 1630; baseline 0.002 -22"><span class='ocrx_word' id='word_1_92' title='bbox 127 1598 129 1600; x_wconf 92' lang='lat'>.</span> <span class='ocrx_word' id='word_1_93' title='bbox 192 1560 300 1608; x_wconf 86' lang='lat' dir='ltr'><strong>tamen</strong></span> <span class='ocrx_word' id='word_1_94' title='bbox 311 1547 404 1627; x_wconf 89' lang='lat' dir='ltr'><strong>ipsius</strong></span> <span class='ocrx_word' id='word_1_95' title='bbox 414 1546 510 1627; x_wconf 88' lang='lat' dir='ltr'><strong>Appii</strong></span> <span class='ocrx_word' id='word_1_96' title='bbox 521 1558 601 1605; x_wconf 84' lang='lat' dir='ltr'><strong>extat</strong></span> <span class='ocrx_word' id='word_1_97' title='bbox 615 1547 719 1606; x_wconf 80' lang='lat' dir='ltr'><strong>oratio.</strong></span> <span class='ocrx_word' id='word_1_98' title='bbox 757 1548 861 1626; x_wconf 89' lang='lat' dir='ltr'><strong>Atque</strong></span> <span class='ocrx_word' id='word_1_99' title='bbox 870 1549 935 1608; x_wconf 84' lang='lat' dir='ltr'><strong>haec</strong></span> <span class='ocrx_word' id='word_1_100' title='bbox 948 1549 1000 1609; x_wconf 91' lang='lat' dir='ltr'><strong>ille</strong></span> <span class='ocrx_word' id='word_1_101' title='bbox 1013 1525 1155 1630; x_wconf 56' lang='lat' dir='ltr'><strong>egitd&#39;e‘p·</strong></span> 
     </span>
     <span class='ocr_line' id='line_1_14' title="bbox 191 1641 1155 1721; baseline 0.001 -18"><span class='ocrx_word' id='word_1_102' title='bbox 191 1655 260 1703; x_wconf 82' lang='lat' dir='ltr'><strong>tem</strong></span> <span class='ocrx_word' id='word_1_103' title='bbox 277 1654 308 1702; x_wconf 87' lang='lat' dir='ltr'><strong>et</strong></span> <span class='ocrx_word' id='word_1_104' title='bbox 324 1641 430 1700; x_wconf 87' lang='lat' dir='ltr'><strong>decem</strong></span> <span class='ocrx_word' id='word_1_105' title='bbox 448 1642 532 1701; x_wconf 85' lang='lat' dir='ltr'><strong>annis</strong></span> <span class='ocrx_word' id='word_1_106' title='bbox 548 1653 617 1721; x_wconf 89' lang='lat' dir='ltr'><strong>post</strong></span> <span class='ocrx_word' id='word_1_107' title='bbox 634 1643 760 1702; x_wconf 88' lang='lat' dir='ltr'><strong>alterum</strong></span> <span class='ocrx_word' id='word_1_108' title='bbox 776 1646 973 1715; x_wconf 86' lang='lat' dir='ltr'><strong>consulatum,</strong></span> <span class='ocrx_word' id='word_1_109' title='bbox 990 1665 1060 1704; x_wconf 90' lang='lat' dir='ltr'><strong>cum</strong></span> <span class='ocrx_word' id='word_1_110' title='bbox 1076 1645 1155 1706; x_wconf 87' lang='lat' dir='ltr'><strong>inter</strong></span> 
     </span>
     <span class='ocr_line' id='line_1_15' title="bbox 192 1736 1154 1824; baseline 0.004 -26"><span class='ocrx_word' id='word_1_111' title='bbox 192 1739 274 1798; x_wconf 90' lang='lat' dir='ltr'><strong>duos</strong></span> <span class='ocrx_word' id='word_1_112' title='bbox 291 1739 465 1798; x_wconf 83' lang='lat' dir='ltr'><strong>consulatus</strong></span> <span class='ocrx_word' id='word_1_113' title='bbox 475 1738 545 1796; x_wconf 87' lang='lat' dir='ltr'><strong>anni</strong></span> <span class='ocrx_word' id='word_1_114' title='bbox 558 1736 664 1798; x_wconf 86' lang='lat' dir='ltr'><strong>decem</strong></span> <span class='ocrx_word' id='word_1_115' title='bbox 678 1738 893 1824; x_wconf 78' lang='lat' dir='ltr'><strong>interfuissent,</strong></span> <span class='ocrx_word' id='word_1_116' title='bbox 903 1761 1069 1819; x_wconf 83' lang='lat' dir='ltr'><strong>censorque</strong></span> <span class='ocrx_word' id='word_1_117' title='bbox 1084 1754 1154 1802; x_wconf 86' lang='lat' dir='ltr'><strong>aute</strong></span> 
     </span>
     <span class='ocr_line' id='line_1_16' title="bbox 193 1833 1154 1916; baseline 0.003 -23"><span class='ocrx_word' id='word_1_118' title='bbox 193 1833 384 1913; x_wconf 87' lang='lat' dir='ltr'><strong>superiorem</strong></span> <span class='ocrx_word' id='word_1_119' title='bbox 399 1834 585 1892; x_wconf 88' lang='lat' dir='ltr'><strong>consulatum</strong></span> <span class='ocrx_word' id='word_1_120' title='bbox 594 1833 715 1905; x_wconf 82' lang='lat' dir='ltr'><strong>fuisset;</strong></span> <span class='ocrx_word' id='word_1_121' title='bbox 735 1853 774 1894; x_wconf 85' lang='lat' dir='ltr'><strong>ex</strong></span> <span class='ocrx_word' id='word_1_122' title='bbox 784 1856 842 1913; x_wconf 91' lang='lat' dir='ltr'><strong>quo</strong></span> <span class='ocrx_word' id='word_1_123' title='bbox 852 1835 1037 1916; x_wconf 84' lang='lat' dir='ltr'><strong>intelligitur,</strong></span> <span class='ocrx_word' id='word_1_124' title='bbox 1046 1836 1154 1915; x_wconf 76' lang='lat' dir='ltr'><strong>Pyrrhi</strong></span> 
     </span>
     <span class='ocr_line' id='line_1_17' title="bbox 193 1927 1154 2012; baseline 0.001 -22"><span class='ocrx_word' id='word_1_125' title='bbox 193 1929 279 1990; x_wconf 89' lang='lat' dir='ltr'><strong>bello</strong></span> <span class='ocrx_word' id='word_1_126' title='bbox 292 1929 438 2007; x_wconf 83' lang='lat' dir='ltr'><strong>grandem</strong></span> <span class='ocrx_word' id='word_1_127' title='bbox 452 1948 523 1988; x_wconf 86' lang='lat' dir='ltr'><strong>seue</strong></span> <span class='ocrx_word' id='word_1_128' title='bbox 533 1927 641 2002; x_wconf 84' lang='lat' dir='ltr'><strong>fuisse;</strong></span> <span class='ocrx_word' id='word_1_129' title='bbox 659 1941 689 1988; x_wconf 89' lang='lat' dir='ltr'><strong>et</strong></span> <span class='ocrx_word' id='word_1_130' title='bbox 699 1942 798 1989; x_wconf 89' lang='lat' dir='ltr'><strong>tamen</strong></span> <span class='ocrx_word' id='word_1_131' title='bbox 811 1931 855 1989; x_wconf 92' lang='lat' dir='ltr'><strong>sic</strong></span> <span class='ocrx_word' id='word_1_132' title='bbox 867 1931 1029 2010; x_wconf 89' lang='lat' dir='ltr'><strong>apatribus</strong></span> <span class='ocrx_word' id='word_1_133' title='bbox 1039 1932 1154 2012; x_wconf 88' lang='lat' dir='ltr'><strong>accepi·</strong></span> 
     </span>
    </p>
   </div>
   <div class='ocr_carea' id='block_1_5' title="bbox 194 2021 1264 2202">
    <p class='ocr_par' dir='ltr' id='par_1_7' title="bbox 194 2021 1264 2202">
     <span class='ocr_line' id='line_1_18' title="bbox 194 2021 1243 2104; baseline 0.008 -22"><span class='ocrx_word' id='word_1_134' title='bbox 194 2043 275 2082; x_wconf 90' lang='lat' dir='ltr'><strong>mus.</strong></span> <span class='ocrx_word' id='word_1_135' title='bbox 316 2029 363 2082; x_wconf 82' lang='grc'><strong>17.</strong></span> <span class='ocrx_word' id='word_1_136' title='bbox 380 2021 465 2082; x_wconf 92' lang='lat' dir='ltr'><strong>Nihil</strong></span> <span class='ocrx_word' id='word_1_137' title='bbox 477 2023 571 2102; x_wconf 85' lang='lat' dir='ltr'><strong>igitur</strong></span> <span class='ocrx_word' id='word_1_138' title='bbox 584 2023 719 2095; x_wconf 83' lang='lat' dir='ltr'><strong>afferunt,</strong></span> <span class='ocrx_word' id='word_1_139' title='bbox 734 2025 785 2102; x_wconf 88' lang='lat' dir='ltr'><strong>qui</strong></span> <span class='ocrx_word' id='word_1_140' title='bbox 798 2026 829 2084; x_wconf 93' lang='lat' dir='ltr'><strong>in</strong></span> <span class='ocrx_word' id='word_1_141' title='bbox 845 2045 879 2084; x_wconf 89' lang='lat' dir='ltr'><strong>re</strong></span> <span class='ocrx_word' id='word_1_142' title='bbox 897 2026 1031 2104; x_wconf 85' lang='lat' dir='ltr'><strong>gerenda</strong></span> <span class='ocrx_word' id='word_1_143' title='bbox 1043 2026 1154 2085; x_wconf 83' lang='lat' dir='ltr'><strong>versari</strong></span> <span class='ocrx_word' id='word_1_144' title='bbox 1238 2083 1243 2090; x_wconf 94' lang='lat'>.</span> 
     </span>
     <span class='ocr_line' id='line_1_19' title="bbox 195 2117 1264 2202; baseline 0.002 -24"><span class='ocrx_word' id='word_1_145' title='bbox 195 2129 384 2178; x_wconf 88' lang='lat' dir='ltr'><strong>senectutem</strong></span> <span class='ocrx_word' id='word_1_146' title='bbox 400 2129 520 2196; x_wconf 85' lang='lat' dir='ltr'><strong>negant,</strong></span> <span class='ocrx_word' id='word_1_147' title='bbox 533 2117 706 2196; x_wconf 77' lang='lat' dir='ltr'><strong>similesque</strong></span> <span class='ocrx_word' id='word_1_148' title='bbox 723 2132 802 2189; x_wconf 91' lang='lat' dir='ltr'><strong>sunt,</strong></span> <span class='ocrx_word' id='word_1_149' title='bbox 815 2133 858 2192; x_wconf 88' lang='lat' dir='ltr'><strong>ut,</strong></span> <span class='ocrx_word' id='word_1_150' title='bbox 870 2121 901 2202; x_wconf 70' lang='lat' dir='ltr'><strong>qi</strong></span> <span class='ocrx_word' id='word_1_151' title='bbox 911 2121 962 2199; x_wconf 89' lang='lat' dir='ltr'><strong>qui</strong></span> <span class='ocrx_word' id='word_1_152' title='bbox 976 2122 1153 2200; x_wconf 85' lang='lat' dir='ltr'><strong>gubernato-</strong></span> <span class='ocrx_word' id='word_1_153' title='bbox 1259 2139 1264 2154; x_wconf 91' lang='lat'><strong>·</strong></span> 
     </span>
    </p>
   </div>
   <div class='ocr_carea' id='block_1_6' title="bbox 194 2211 1156 3850">
    <p class='ocr_par' dir='ltr' id='par_1_8' title="bbox 194 2211 1156 3850">
     <span class='ocr_line' id='line_1_20' title="bbox 195 2211 1153 2292; baseline 0.003 -20"><span class='ocrx_word' id='word_1_154' title='bbox 195 2234 266 2274; x_wconf 89' lang='lat' dir='ltr'><strong>rem</strong></span> <span class='ocrx_word' id='word_1_155' title='bbox 280 2213 311 2270; x_wconf 90' lang='lat' dir='ltr'><strong>iu</strong></span> <span class='ocrx_word' id='word_1_156' title='bbox 324 2212 490 2292; x_wconf 83' lang='lat' dir='ltr'><strong>navigando</strong></span> <span class='ocrx_word' id='word_1_157' title='bbox 503 2211 577 2274; x_wconf 88' lang='lat' dir='ltr'><strong>nihil</strong></span> <span class='ocrx_word' id='word_1_158' title='bbox 589 2231 680 2291; x_wconf 79' lang='lat' dir='ltr'><strong>agere</strong></span> <span class='ocrx_word' id='word_1_159' title='bbox 695 2212 804 2289; x_wconf 72' lang='lat' dir='ltr'><strong>dicant,</strong></span> <span class='ocrx_word' id='word_1_160' title='bbox 815 2234 883 2272; x_wconf 90' lang='lat' dir='ltr'><strong>cum</strong></span> <span class='ocrx_word' id='word_1_161' title='bbox 898 2215 950 2290; x_wconf 76' lang='lat' dir='ltr'><strong>alii</strong></span> <span class='ocrx_word' id='word_1_162' title='bbox 964 2217 1057 2274; x_wconf 89' lang='lat' dir='ltr'><strong>melos</strong></span> <span class='ocrx_word' id='word_1_163' title='bbox 1070 2235 1153 2275; x_wconf 86' lang='lat' dir='ltr'><strong>soan-</strong></span> 
     </span>
     <span class='ocr_line' id='line_1_21' title="bbox 195 2293 1153 2389; baseline 0 -20"><span class='ocrx_word' id='word_1_164' title='bbox 195 2310 278 2379; x_wconf 88' lang='lat' dir='ltr'><strong>dant,</strong></span> <span class='ocrx_word' id='word_1_165' title='bbox 294 2308 344 2389; x_wconf 67' lang='lat' dir='ltr'><strong>alp</strong></span> <span class='ocrx_word' id='word_1_166' title='bbox 357 2329 412 2388; x_wconf 87' lang='lat' dir='ltr'><strong>per</strong></span> <span class='ocrx_word' id='word_1_167' title='bbox 425 2308 505 2368; x_wconf 84' lang='lat' dir='ltr'><strong>foros</strong></span> <span class='ocrx_word' id='word_1_168' title='bbox 520 2293 647 2378; x_wconf 88' lang='lat' dir='ltr'><strong>cursent,</strong></span> <span class='ocrx_word' id='word_1_169' title='bbox 662 2306 711 2366; x_wconf 91' lang='lat' dir='ltr'><strong>alii</strong></span> <span class='ocrx_word' id='word_1_170' title='bbox 724 2307 869 2366; x_wconf 79' lang='lat' dir='ltr'><strong>sentinam</strong></span> <span class='ocrx_word' id='word_1_171' title='bbox 891 2307 1081 2384; x_wconf 86' lang='lat' dir='ltr'><strong>exhauriant,</strong></span> <span class='ocrx_word' id='word_1_172' title='bbox 1101 2311 1153 2369; x_wconf 92' lang='lat' dir='ltr'><strong>ille</strong></span> 
     </span>
     <span class='ocr_line' id='line_1_22' title="bbox 197 2401 1154 2486; baseline 0 -22"><span class='ocrx_word' id='word_1_173' title='bbox 197 2402 326 2486; x_wconf 87' lang='lat' dir='ltr'><strong>[autem]</strong></span> <span class='ocrx_word' id='word_1_174' title='bbox 348 2406 466 2482; x_wconf 86' lang='lat' dir='ltr'><strong>clavum</strong></span> <span class='ocrx_word' id='word_1_175' title='bbox 488 2415 595 2462; x_wconf 87' lang='lat' dir='ltr'><strong>tenens</strong></span> <span class='ocrx_word' id='word_1_176' title='bbox 616 2403 733 2482; x_wconf 89' lang='lat' dir='ltr'><strong>quietus</strong></span> <span class='ocrx_word' id='word_1_177' title='bbox 756 2402 860 2462; x_wconf 79' lang='lat' dir='ltr'><strong>sedeat</strong></span> <span class='ocrx_word' id='word_1_178' title='bbox 879 2401 909 2461; x_wconf 89' lang='lat' dir='ltr'><strong>in</strong></span> <span class='ocrx_word' id='word_1_179' title='bbox 929 2403 1033 2483; x_wconf 89' lang='lat' dir='ltr'><strong>puppi.</strong></span> <span class='ocrx_word' id='word_1_180' title='bbox 1082 2404 1154 2464; x_wconf 88' lang='lat' dir='ltr'><strong>Non</strong></span> 
     </span>
     <span class='ocr_line' id='line_1_23' title="bbox 194 2498 1154 2579; baseline 0 -19"><span class='ocrx_word' id='word_1_181' title='bbox 194 2501 269 2560; x_wconf 84' lang='lat' dir='ltr'><strong>facit</strong></span> <span class='ocrx_word' id='word_1_182' title='bbox 289 2521 334 2571; x_wconf 91' lang='lat' dir='ltr'><strong>ea,</strong></span> <span class='ocrx_word' id='word_1_183' title='bbox 349 2521 414 2578; x_wconf 84' lang='lat' dir='ltr'><strong>quae</strong></span> <span class='ocrx_word' id='word_1_184' title='bbox 426 2498 573 2579; x_wconf 81' lang='lat' dir='ltr'><strong>juvenes:</strong></span> <span class='ocrx_word' id='word_1_185' title='bbox 594 2511 712 2558; x_wconf 81' lang='lat' dir='ltr'><strong>atvero</strong></span> <span class='ocrx_word' id='word_1_186' title='bbox 732 2499 827 2558; x_wconf 90' lang='lat' dir='ltr'><strong>multo</strong></span> <span class='ocrx_word' id='word_1_187' title='bbox 847 2499 961 2579; x_wconf 88' lang='lat' dir='ltr'><strong>majora</strong></span> <span class='ocrx_word' id='word_1_188' title='bbox 981 2512 1011 2558; x_wconf 88' lang='lat' dir='ltr'><strong>et</strong></span> <span class='ocrx_word' id='word_1_189' title='bbox 1030 2499 1154 2560; x_wconf 86' lang='lat' dir='ltr'><strong>meliora</strong></span> 
     </span>
     <span class='ocr_line' id='line_1_24' title="bbox 195 2593 1153 2667; baseline -0.003 -9"><span class='ocrx_word' id='word_1_190' title='bbox 195 2597 276 2658; x_wconf 83' lang='lat' dir='ltr'><strong>facit.</strong></span> <span class='ocrx_word' id='word_1_191' title='bbox 317 2595 390 2654; x_wconf 89' lang='lat' dir='ltr'><strong>Non</strong></span> <span class='ocrx_word' id='word_1_192' title='bbox 406 2594 530 2666; x_wconf 88' lang='lat' dir='ltr'><strong>viribus,</strong></span> <span class='ocrx_word' id='word_1_193' title='bbox 547 2608 599 2654; x_wconf 88' lang='lat' dir='ltr'><strong>aut</strong></span> <span class='ocrx_word' id='word_1_194' title='bbox 614 2593 830 2667; x_wconf 84' lang='lat' dir='ltr'><strong>velocitatibus,</strong></span> <span class='ocrx_word' id='word_1_195' title='bbox 848 2607 898 2655; x_wconf 90' lang='lat' dir='ltr'><strong>aut</strong></span> <span class='ocrx_word' id='word_1_196' title='bbox 918 2595 1069 2656; x_wconf 86' lang='lat' dir='ltr'><strong>celeritate</strong></span> <span class='ocrx_word' id='word_1_197' title='bbox 1090 2616 1153 2656; x_wconf 88' lang='lat' dir='ltr'><strong>cor·</strong></span> 
     </span>
     <span class='ocr_line' id='line_1_25' title="bbox 196 2689 1154 2772; baseline 0.001 -22"><span class='ocrx_word' id='word_1_198' title='bbox 196 2711 305 2772; x_wconf 91' lang='lat' dir='ltr'><strong>porum</strong></span> <span class='ocrx_word' id='word_1_199' title='bbox 328 2711 378 2750; x_wconf 90' lang='lat' dir='ltr'><strong>ree</strong></span> <span class='ocrx_word' id='word_1_200' title='bbox 403 2711 521 2772; x_wconf 76' lang='lat' dir='ltr'><strong>magnae</strong></span> <span class='ocrx_word' id='word_1_201' title='bbox 545 2701 704 2770; x_wconf 85' lang='lat' dir='ltr'><strong>geruntur;</strong></span> <span class='ocrx_word' id='word_1_202' title='bbox 733 2689 786 2749; x_wconf 91' lang='lat' dir='ltr'><strong>sed</strong></span> <span class='ocrx_word' id='word_1_203' title='bbox 812 2690 946 2762; x_wconf 86' lang='lat' dir='ltr'><strong>consilio,</strong></span> <span class='ocrx_word' id='word_1_204' title='bbox 969 2692 1154 2764; x_wconf 84' lang='lat' dir='ltr'><strong>auctoritate,</strong></span> 
     </span>
     <span class='ocr_line' id='line_1_26' title="bbox 197 2785 1155 2869; baseline -0.002 -21"><span class='ocrx_word' id='word_1_205' title='bbox 197 2788 362 2860; x_wconf 82' lang='lat' dir='ltr'><strong>sententia3</strong></span> <span class='ocrx_word' id='word_1_206' title='bbox 384 2785 493 2864; x_wconf 87' lang='lat' dir='ltr'><strong>quibus</strong></span> <span class='ocrx_word' id='word_1_207' title='bbox 506 2785 670 2846; x_wconf 87' lang='lat' dir='ltr'><strong>nonrnodo</strong></span> <span class='ocrx_word' id='word_1_208' title='bbox 683 2805 742 2845; x_wconf 88' lang='lat' dir='ltr'><strong>non</strong></span> <span class='ocrx_word' id='word_1_209' title='bbox 757 2786 865 2858; x_wconf 87' lang='lat' dir='ltr'><strong>orbari,</strong></span> <span class='ocrx_word' id='word_1_210' title='bbox 878 2787 932 2856; x_wconf 87' lang='lat' dir='ltr'><strong>sed</strong></span> <span class='ocrx_word' id='word_1_211' title='bbox 947 2787 1036 2846; x_wconf 90' lang='lat' dir='ltr'><strong>etiam</strong></span> <span class='ocrx_word' id='word_1_212' title='bbox 1051 2787 1155 2869; x_wconf 78' lang='lat' dir='ltr'><strong>augeri</strong></span> 
     </span>
     <span class='ocr_line' id='line_1_27' title="bbox 198 2867 1155 2962; baseline 0 -20"><span class='ocrx_word' id='word_1_213' title='bbox 198 2895 339 2943; x_wconf 87' lang='lat' dir='ltr'><strong>senectus</strong></span> <span class='ocrx_word' id='word_1_214' title='bbox 355 2883 440 2942; x_wconf 82' lang='lat' dir='ltr'><strong>solet</strong></span> <span class='ocrx_word' id='word_1_215' title='bbox 482 2885 529 2942; x_wconf 90' lang='lat'><strong>18.</strong></span> <span class='ocrx_word' id='word_1_216' title='bbox 546 2881 615 2940; x_wconf 91' lang='lat' dir='ltr'><strong>Nisi</strong></span> <span class='ocrx_word' id='word_1_217' title='bbox 628 2881 703 2942; x_wconf 80' lang='lat' dir='ltr'><strong>forte</strong></span> <span class='ocrx_word' id='word_1_218' title='bbox 720 2902 779 2962; x_wconf 82' lang='lat' dir='ltr'><strong>ego</strong></span> <span class='ocrx_word' id='word_1_219' title='bbox 793 2881 887 2954; x_wconf 87' lang='lat' dir='ltr'><strong>vobis,</strong></span> <span class='ocrx_word' id='word_1_220' title='bbox 901 2882 953 2960; x_wconf 91' lang='lat' dir='ltr'><strong>qui</strong></span> <span class='ocrx_word' id='word_1_221' title='bbox 967 2867 998 2941; x_wconf 80' lang='lat' dir='ltr'><strong>et</strong></span> <span class='ocrx_word' id='word_1_222' title='bbox 1013 2883 1108 2954; x_wconf 80' lang='lat' dir='ltr'><strong>miles,</strong></span> <span class='ocrx_word' id='word_1_223' title='bbox 1125 2893 1155 2942; x_wconf 86' lang='lat' dir='ltr'><strong>et</strong></span> 
     </span>
     <span class='ocr_line' id='line_1_28' title="bbox 197 2969 1156 3058; baseline -0.002 -20"><span class='ocrx_word' id='word_1_224' title='bbox 197 2969 815 3058; x_wconf 74' lang='lat' dir='ltr'><strong>tribunus,erlegatus,et00nsu1&#39;versatus</strong></span> <span class='ocrx_word' id='word_1_225' title='bbox 828 2997 895 3051; x_wconf 84' lang='lat' dir='ltr'><strong>euru</strong></span> <span class='ocrx_word' id='word_1_226' title='bbox 906 2978 936 3036; x_wconf 91' lang='lat' dir='ltr'><strong>in</strong></span> <span class='ocrx_word' id='word_1_227' title='bbox 947 2977 1029 3036; x_wconf 87' lang='lat' dir='ltr'><strong>vario</strong></span> <span class='ocrx_word' id='word_1_228' title='bbox 1043 2996 1156 3056; x_wconf 76' lang='lat' dir='ltr'><strong>genere</strong></span> 
     </span>
     <span class='ocr_line' id='line_1_29' title="bbox 197 3070 1155 3152; baseline -0.004 -17"><span class='ocrx_word' id='word_1_229' title='bbox 197 3075 356 3145; x_wconf 88' lang='lat' dir='ltr'><strong>bellorum,</strong></span> <span class='ocrx_word' id='word_1_230' title='bbox 371 3093 488 3134; x_wconf 84' lang='lat' dir='ltr'><strong>cessare</strong></span> <span class='ocrx_word' id='word_1_231' title='bbox 504 3092 585 3133; x_wconf 89' lang='lat' dir='ltr'><strong>nunc</strong></span> <span class='ocrx_word' id='word_1_232' title='bbox 603 3070 716 3144; x_wconf 85' lang='lat' dir='ltr'><strong>videor,</strong></span> <span class='ocrx_word' id='word_1_233' title='bbox 731 3093 799 3132; x_wconf 91' lang='lat' dir='ltr'><strong>cum</strong></span> <span class='ocrx_word' id='word_1_234' title='bbox 813 3073 893 3132; x_wconf 89' lang='lat' dir='ltr'><strong>bella</strong></span> <span class='ocrx_word' id='word_1_235' title='bbox 909 3092 969 3131; x_wconf 89' lang='lat' dir='ltr'><strong>non</strong></span> <span class='ocrx_word' id='word_1_236' title='bbox 988 3092 1071 3152; x_wconf 87' lang='lat' dir='ltr'><strong>gero.</strong></span> <span class='ocrx_word' id='word_1_237' title='bbox 1112 3072 1155 3131; x_wconf 86' lang='lat' dir='ltr'><strong>At</strong></span> 
     </span>
     <span class='ocr_line' id='line_1_30' title="bbox 200 3165 1153 3249; baseline -0.005 -20"><span class='ocrx_word' id='word_1_238' title='bbox 200 3171 325 3241; x_wconf 89' lang='lat' dir='ltr'><strong>senatui,</strong></span> <span class='ocrx_word' id='word_1_239' title='bbox 340 3191 407 3249; x_wconf 87' lang='lat' dir='ltr'><strong>quae</strong></span> <span class='ocrx_word' id='word_1_240' title='bbox 429 3169 488 3230; x_wconf 90' lang='lat' dir='ltr'><strong>sint</strong></span> <span class='ocrx_word' id='word_1_241' title='bbox 508 3169 649 3248; x_wconf 85' lang='lat' dir='ltr'><strong>gerenda,</strong></span> <span class='ocrx_word' id='word_1_242' title='bbox 663 3165 833 3248; x_wconf 83' lang='lat' dir='ltr'><strong>praescribo,</strong></span> <span class='ocrx_word' id='word_1_243' title='bbox 848 3180 878 3226; x_wconf 87' lang='lat' dir='ltr'><strong>et</strong></span> <span class='ocrx_word' id='word_1_244' title='bbox 893 3166 1059 3245; x_wconf 88' lang='lat' dir='ltr'><strong>quomodo:</strong></span> <span class='ocrx_word' id='word_1_245' title='bbox 1081 3165 1153 3225; x_wconf 82' lang='lat' dir='ltr'><strong>Oar-</strong></span> 
     </span>
     <span class='ocr_line' id='line_1_31' title="bbox 200 3261 1154 3346; baseline -0.006 -22"><span class='ocrx_word' id='word_1_246' title='bbox 200 3265 322 3346; x_wconf 85' lang='lat' dir='ltr'><strong>thagini,</strong></span> <span class='ocrx_word' id='word_1_247' title='bbox 333 3268 411 3326; x_wconf 90' lang='lat' dir='ltr'><strong>male</strong></span> <span class='ocrx_word' id='word_1_248' title='bbox 420 3264 550 3346; x_wconf 88' lang='lat' dir='ltr'><strong>jamdiu</strong></span> <span class='ocrx_word' id='word_1_249' title='bbox 563 3264 835 3343; x_wconf 88' lang='lat' dir='ltr'><strong>cogitanti,bellum</strong></span> <span class='ocrx_word' id='word_1_250' title='bbox 848 3264 944 3322; x_wconf 90' lang='lat' dir='ltr'><strong>multo</strong></span> <span class='ocrx_word' id='word_1_251' title='bbox 957 3275 1025 3322; x_wconf 86' lang='lat' dir='ltr'><strong>ante</strong></span> <span class='ocrx_word' id='word_1_252' title='bbox 1039 3261 1154 3320; x_wconf 88' lang='lat' dir='ltr'><strong>denun-</strong></span> 
     </span>
     <span class='ocr_line' id='line_1_32' title="bbox 200 3354 1154 3441; baseline -0.009 -21"><span class='ocrx_word' id='word_1_253' title='bbox 200 3361 259 3434; x_wconf 84' lang='lat' dir='ltr'><strong>tio;</strong></span> <span class='ocrx_word' id='word_1_254' title='bbox 277 3361 315 3421; x_wconf 93' lang='lat' dir='ltr'><strong>de</strong></span> <span class='ocrx_word' id='word_1_255' title='bbox 328 3383 387 3441; x_wconf 91' lang='lat' dir='ltr'><strong>qua</strong></span> <span class='ocrx_word' id='word_1_256' title='bbox 399 3363 496 3422; x_wconf 88' lang='lat' dir='ltr'><strong>vereri</strong></span> <span class='ocrx_word' id='word_1_257' title='bbox 510 3381 569 3420; x_wconf 88' lang='lat' dir='ltr'><strong>non</strong></span> <span class='ocrx_word' id='word_1_258' title='bbox 584 3373 652 3421; x_wconf 90' lang='lat' dir='ltr'><strong>ante</strong></span> <span class='ocrx_word' id='word_1_259' title='bbox 666 3360 811 3430; x_wconf 88' lang='lat' dir='ltr'><strong>desinam,</strong></span> <span class='ocrx_word' id='word_1_260' title='bbox 824 3379 913 3437; x_wconf 89' lang='lat' dir='ltr'><strong>quam</strong></span> <span class='ocrx_word' id='word_1_261' title='bbox 927 3359 1008 3415; x_wconf 90' lang='lat' dir='ltr'><strong>illam</strong></span> <span class='ocrx_word' id='word_1_262' title='bbox 1023 3354 1154 3413; x_wconf 85' lang='lat' dir='ltr'><strong>excisam</strong></span> 
     </span>
     <span class='ocr_line' id='line_1_33' title="bbox 200 3449 1153 3536; baseline -0.005 -21"><span class='ocrx_word' id='word_1_263' title='bbox 200 3475 267 3516; x_wconf 85' lang='lat' dir='ltr'><strong>esse</strong></span> <span class='ocrx_word' id='word_1_264' title='bbox 278 3477 454 3536; x_wconf 83' lang='lat' dir='ltr'><strong>cognovero.</strong></span> <span class='ocrx_word' id='word_1_265' title='bbox 486 3462 532 3516; x_wconf 85' lang='lat'><strong>19.</strong></span> <span class='ocrx_word' id='word_1_266' title='bbox 543 3457 646 3528; x_wconf 84' lang='lat' dir='ltr'><strong>Quam</strong></span> <span class='ocrx_word' id='word_1_267' title='bbox 655 3458 786 3535; x_wconf 86' lang='lat' dir='ltr'><strong>palmam</strong></span> <span class='ocrx_word' id='word_1_268' title='bbox 793 3454 905 3513; x_wconf 87' lang='lat' dir='ltr'><strong>utinam</strong></span> <span class='ocrx_word' id='word_1_269' title='bbox 913 3451 956 3509; x_wconf 93' lang='lat' dir='ltr'><strong>dii</strong></span> <span class='ocrx_word' id='word_1_270' title='bbox 964 3449 1153 3520; x_wconf 88' lang='lat' dir='ltr'><strong>immortales,</strong></span> 
     </span>
     <span class='ocr_line' id='line_1_34' title="bbox 200 3545 1154 3632; baseline -0.003 -21"><span class='ocrx_word' id='word_1_271' title='bbox 200 3551 313 3632; x_wconf 90' lang='lat' dir='ltr'><strong>Scipio,</strong></span> <span class='ocrx_word' id='word_1_272' title='bbox 327 3553 381 3612; x_wconf 91' lang='lat' dir='ltr'><strong>tibi</strong></span> <span class='ocrx_word' id='word_1_273' title='bbox 396 3565 557 3622; x_wconf 82' lang='lat' dir='ltr'><strong>reservent,</strong></span> <span class='ocrx_word' id='word_1_274' title='bbox 572 3563 606 3610; x_wconf 90' lang='lat' dir='ltr'><strong>ut</strong></span> <span class='ocrx_word' id='word_1_275' title='bbox 623 3550 672 3610; x_wconf 85' lang='lat' dir='ltr'><strong>ari</strong></span> <span class='ocrx_word' id='word_1_276' title='bbox 688 3547 830 3627; x_wconf 85' lang='lat' dir='ltr'><strong>reliquias</strong></span> <span class='ocrx_word' id='word_1_277' title='bbox 845 3546 1045 3627; x_wconf 87' lang='lat' dir='ltr'><strong>persequare!</strong></span> <span class='ocrx_word' id='word_1_278' title='bbox 1068 3545 1154 3626; x_wconf 87' lang='lat' dir='ltr'><strong>cujus</strong></span> 
     </span>
     <span class='ocr_line' id='line_1_35' title="bbox 198 3641 1155 3709; baseline -0.005 0"><span class='ocrx_word' id='word_1_279' title='bbox 198 3670 218 3708; x_wconf 87' lang='lat' dir='ltr'><strong>a</strong></span> <span class='ocrx_word' id='word_1_280' title='bbox 228 3661 325 3708; x_wconf 78' lang='lat' dir='ltr'><strong>morte</strong></span> <span class='ocrx_word' id='word_1_281' title='bbox 336 3649 441 3709; x_wconf 85' lang='lat' dir='ltr'><strong>tertius</strong></span> <span class='ocrx_word' id='word_1_282' title='bbox 451 3649 500 3709; x_wconf 88' lang='lat' dir='ltr'><strong>hic</strong></span> <span class='ocrx_word' id='word_1_283' title='bbox 510 3661 541 3708; x_wconf 86' lang='lat' dir='ltr'><strong>et</strong></span> <span class='ocrx_word' id='word_1_284' title='bbox 551 3645 716 3707; x_wconf 88' lang='lat' dir='ltr'><strong>tricesimus</strong></span> <span class='ocrx_word' id='word_1_285' title='bbox 731 3663 826 3703; x_wconf 89' lang='lat' dir='ltr'><strong>annus</strong></span> <span class='ocrx_word' id='word_1_286' title='bbox 840 3655 898 3702; x_wconf 86' lang='lat' dir='ltr'><strong>est:</strong></span> <span class='ocrx_word' id='word_1_287' title='bbox 916 3641 970 3702; x_wconf 90' lang='lat' dir='ltr'><strong>sed</strong></span> <span class='ocrx_word' id='word_1_288' title='bbox 981 3643 1155 3704; x_wconf 88' lang='lat' dir='ltr'><strong>memoriam</strong></span> 
     </span>
     <span class='ocr_line' id='line_1_36' title="bbox 198 3733 1156 3850; baseline -0.004 -46"><span class='ocrx_word' id='word_1_289' title='bbox 198 3746 278 3806; x_wconf 91' lang='lat' dir='ltr'><strong>illius</strong></span> <span class='ocrx_word' id='word_1_290' title='bbox 288 3745 343 3805; x_wconf 83' lang='lat' dir='ltr'><strong>viri</strong></span> <span class='ocrx_word' id='word_1_291' title='bbox 354 3733 458 3850; x_wconf 67' lang='lat' dir='ltr'><strong>omnes</strong></span> <span class='ocrx_word' id='word_1_292' title='bbox 472 3742 623 3823; x_wconf 85' lang='lat' dir='ltr'><strong>excipient</strong></span> <span class='ocrx_word' id='word_1_293' title='bbox 637 3740 706 3837; x_wconf 69' lang='lat' dir='ltr'><strong>supi</strong></span> <span class='ocrx_word' id='word_1_294' title='bbox 717 3751 943 3835; x_wconf 71' lang='lat' dir='ltr'><strong>eonsqquentes.</strong></span> <span class='ocrx_word' id='word_1_295' title='bbox 983 3739 1072 3800; x_wconf 87' lang='lat' dir='ltr'><strong>Anno</strong></span> <span class='ocrx_word' id='word_1_296' title='bbox 1086 3753 1156 3800; x_wconf 84' lang='lat' dir='ltr'><strong>ants</strong></span> 
     </span>
    </p>
   </div>
   <div class='ocr_carea' id='block_1_7' title="bbox 0 0 1338 4508">
    <p class='ocr_par' dir='ltr' id='par_1_9' title="bbox 0 0 1338 4508">
     <span class='ocr_line' id='line_1_37' title="bbox 0 0 1338 4508; baseline 0 0"><span class='ocrx_word' id='word_1_297' title='bbox 0 0 1338 4508; x_wconf 95' lang='lat' dir='ltr'><strong> </strong></span> 
     </span>
    </p>
   </div>
  </div>
 </body>
</html>
