2698 4508
434 471 634 526 rsaanoxos,
649 473 804 515 v1.-car.
818 475 850 526 a,
862 475 892 516 11.
1077 431 1080 449 Ι
1098 461 1139 518 87

187 607 311 668 Etenim
320 597 365 663 ¹err
378 622 424 674 eo,
439 597 582 682 quantum
596 604 703 682 cuique
717 604 787 664 satis
800 618 856 675 est,
872 605 1032 666 metiuntur
1045 609 1138 667 homi*

186 723 240 763 nes
258 701 427 762 divitiarum
444 700 576 760 modurn.
617 700 728 759 Filiam
742 701 808 779 quis
822 700 929 772 habet;
951 703 1080 780 pecunia
1095 717 1140 764 est

187 820 281 878 opus:
303 797 394 868 duas;
415 796 547 874 majore:
568 797 694 869 Plures;
717 798 831 875 majore
849 798 948 857 etiam.¹
988 799 1031 857 Et
1053 801 1087 870 si,
1107 814 1140 860 ut

188 896 270 954 aiunt
296 895 413 962 Danao,
428 892 638 970 quinquaginta
662 893 720 952 sint
741 893 818 962 filiae,
834 905 877 952 tot
896 893 979 953 dotes
1001 915 1139 973 magnam

188 1002 325 1068 quaerunt
340 988 508 1068 pecuniam.
549 987 702 1059 Quantum
720 987 799 1047 enim
813 989 922 1066 cuique
938 1010 1013 1068 opus
1031 1003 1085 1060 est,
1101 990 1138 1049 ad

186 1085 218 1144 id
235 1083 487 1152 accommodetur,
505 1095 621 1142 utente
639 1083 711 1152 dixi,
726 1083 898 1143 divitiarum
919 1085 1033 1144 modus.
1074 1086 1138 1158 Qui

105 1161 108 1176 Ι
186 1180 277 1258 igitur
293 1199 352 1237 non
368 1178 443 1236 filias
459 1180 567 1256 plures,
581 1179 634 1237 sed
648 1179 880 1236 innumerabiles
891 1179 1074 1257 ¹cupiditates
1088 1182 1137 1239 ha·

185 1278 247 1346 bet,
257 1296 324 1353 quae
334 1274 418 1334 brevi
429 1286 562 1352 ternpore
574 1274 717 1332 maximas
728 1273 829 1352 copies
840 1274 998 1332 exhaurire
1009 1276 1137 1354 poesint;

187 1371 264 1429 hunc
281 1390 341 1447 quo
359 1369 448 1427 modo
465 1389 523 1447 ego
540 1369 697 1448 appellabo
715 1367 843 1438 divitem,
859 1389 950 1446 quum
967 1369 1031 1447 ipse
1048 1370 1138 1428 etiam

187 1487 278 1544 egere
293 1485 326 1524 se
341 1464 469 1522 sentietl
511 1469 558 1522 45.
577 1463 667 1527 Multi
679 1485 718 1522 ex
732 1477 762 1550 te
777 1463 942 1533 audierunt,
955 1485 1046 1542 quum
1060 1464 1138 1523 dice·

187 1581 245 1630 res,
263 1561 400 1618 neminem
418 1579 476 1617 csse
492 1560 619 1629 diriter,
637 1561 694 1618 nisi
711 1561 761 1636 qut
778 1560 930 1618 coercitum
950 1561 1028 1618 alere
1042 1572 1139 1636 posset

186 1657 246 1714 suis
249 1655 417 1734 fructibus:
440 1655 521 1732 quod
536 1654 665 1734 populus
676 1655 832 1716 Romanus
843 1655 931 1714 tantis
942 1656 1137 1734 vectigalibus

186 1749 369 1829 jampridem
380 1750 430 1806 vix
441 1761 547 1828 potest.
587 1749 671 1828 Ergo
681 1750 737 1808 hoc
748 1751 906 1830 proposito,
917 1771 1068 1829 nunquam
1079 1753 1137 1811 eris
1208 1751 1211 1756 ’

188 1845 270 1904 dives
281 1858 359 1915 ante,
370 1865 458 1923 quam
467 1845 522 1902 tibi
533 1865 572 1903 ex
582 1845 641 1903 tuis
651 1846 884 1924 possessionibus
894 1859 1010 1904 tanturn
1023 1848 1136 1906 relicia-

187 1955 244 2011 tur,
253 1954 286 1998 ut
295 1961 335 1999 eo
345 1940 423 1998 tueri
433 1960 487 1998 sex
497 1939 632 2018 legiones
646 1952 676 1997 et
689 1959 797 2018 magna
811 1942 945 2018 equitum
956 1963 990 2000 ac
1000 1943 1137 2024 peditum

187 2038 300 2096 auxilia
309 2037 412 2117 possis.
454 2037 475 2094 J
477 2055 525 2093 am
536 2035 637 2120 fateris
648 2035 746 2112 igitur,
755 2056 814 2094 non
826 2056 890 2096 esse
904 2049 933 2095 tc
944 2037 1077 2109 divitem,
1089 2039 1138 2097 cui

186 2147 300 2192 tantum
318 2133 405 2202 desit,
418 2142 451 2188 ut
468 2130 593 2207 expleas
606 2129 647 2198 id,
662 2130 743 2205 quod
757 2141 887 2208 exoptas.
928 2133 1033 2208 Itaque
1051 2133 1137 2192 istam

187 2240 406 2312 paupertatem,
421 2227 468 2283 vel
481 2225 579 2303 potius
592 2237 757 2303 egestatem
771 2247 807 2284 ac
820 2226 1042 2286 mendicitatem
1057 2241 1137 2288 tuem

186 2320 340 2400 nunquam
353 2319 593 2379 obscure‘tulisti.

227 2515 268 2572 ΙΙ.
287 2518 334 2572 46,
350 2513 429 2572 Nam
443 2526 475 2571 ut
487 2513 532 2582 iis,
542 2511 593 2591 qni
603 2501 725 2571 honeste
740 2533 803 2571 rem
817 2526 950 2592 quaerunt
965 2516 1137 2576 mercaturis

187 2609 339 2680 faciendis,
362 2609 460 2688 operis
480 2596 594 2678 dandis,
614 2609 742 2690 publicis
763 2610 922 2680 sumendis,
944 2611 1137 2690 intelligimus

189 2697 264 2784 opus
281 2726 346 2766 esse
361 2705 502 2782 quaesito:
524 2705 576 2774 sic,
591 2704 740 2782 quividet
754 2704 906 2765 domitura
923 2707 1036 2785 pariter
1052 2726 1136 2768 sceu-

188 2791 317 2858 satorum
333 2813 419 2876 etque
431 2799 568 2878 judicum
585 2800 769 2858 consociatos
786 2819 910 2880 gregem
933 2803 983 2880 qni
998 2817 1137 2864 nocentes

189 2884 219 2954 et
232 2896 407 2972 pecuniosos
420 2911 496 2965 reos,
512 2895 619 2953 eodem
634 2906 664 2953 te
678 2909 807 2967 auctore,
821 2900 1019 2976 corruptelam
1030 2900 1137 2978 judicii

188 2991 352 3058 molientes,
374 2991 424 3068 qui
446 3004 512 3048 tuas
536 2990 707 3050 mercedum
729 2993 880 3070 pactiones
901 2994 932 3051 in
957 2996 1137 3073 patrociniis,

189 3085 416 3144 intercessiones
437 3085 631 3164 pecuniarum
652 3085 682 3142 in
704 3087 881 3146 coitionibus
905 3089 1137 3158 candidatorum,

189 3181 374 3240 dimissiones
384 3181 557 3240 libertorum
573 3182 610 3239 ad
621 3181 799 3241 fenerandas
814 3183 1055 3262 diripiendasque
1069 3205 1137 3262 pro-

188 3269 314 3338 vincias:
331 3279 382 3358 qui
393 3279 584 3358 expulsiones
595 3280 768 3351 vicinorum,
777 3281 828 3358 qui
839 3281 994 3338 latrocinia
1008 3281 1038 3336 in
1050 3279 1137 3356 agris,

189 3377 241 3454 qui
263 3395 328 3434 cum
352 3376 540 3444 serviacum
562 3376 683 3444 libertis,
701 3397 770 3434 cum
792 3375 947 3434 clientibus
971 3367 1137 3443 societates,

188 3472 239 3549 qui
255 3472 456 3550 possessiones
477 3490 594 3540 vacuas,
612 3470 663 3546 qui
683 3470 916 3548 proscriptiones
936 3468 1137 3546 locupletium,

188 3569 238 3646 qui
252 3569 347 3627 caedes
365 3567 603 3646 municipiorum,
619 3565 670 3642 qui
684 3565 765 3622 illam
780 3563 893 3621 Sullani
907 3563 1047 3640 temporis
1064 3583 1138 3622 mes·

188 3684 250 3722 sem
267 3664 452 3733 recordetur,
468 3662 519 3740 qni
535 3671 711 3719 testamenta
726 3659 868 3736 subjecta,
883 3657 934 3735 qui
948 3658 1079 3732 sublatos
1096 3671 1140 3717 tot

188 3759 339 3832 homines;
358 3759 410 3846 qqi
420 3759 551 3837 denique
562 3755 662 3816 omnia
671 3753 796 3824 venalia,
806 3753 966 3824 delectum,
975 3753 1138 3824 decretum,

188 3854 327 3923 alienam,
344 3873 428 3914 suam
448 3852 634 3923 sententiam,
650 3850 758 3921 forum,
771 3847 903 3923 domum,
917 3867 1033 3920 vocem,
1050 3849 1138 3908 silen-
