<?xml version="1.0" encoding="UTF-8"?>
<!DOCTYPE html PUBLIC "-//W3C//DTD XHTML 1.0 Transitional//EN"
    "http://www.w3.org/TR/xhtml1/DTD/xhtml1-transitional.dtd">
<html xmlns="http://www.w3.org/1999/xhtml" xml:lang="en" lang="en">
 <head>
  <title>
</title>
<meta http-equiv="Content-Type" content="text/html;charset=utf-8" />
  <meta name='ocr-system' content='tesseract 3.04.00' />
  <meta name='ocr-capabilities' content='ocr_page ocr_carea ocr_par ocr_line ocrx_word'/>
</head>
<body>
  <div class='ocr_page' id='page_1' title='image "./desenectutedeam00anthgoog_0104.png"; bbox 0 0 2698 4508; ppageno 0'>
   <div class='ocr_carea' id='block_1_1' title="bbox 477 463 881 517">
    <p class='ocr_par' dir='ltr' id='par_1_1' title="bbox 477 463 881 517">
     <span class='ocr_line' id='line_1_1' title="bbox 477 463 881 517; baseline 0.005 -13"><span class='ocrx_word' id='word_1_1' title='bbox 477 463 677 517; x_wconf 63' lang='lat' dir='ltr'><strong>clamosos,</strong></span> <span class='ocrx_word' id='word_1_2' title='bbox 692 465 847 508; x_wconf 77' lang='lat' dir='ltr'><strong>1v.-car.</strong></span> <span class='ocrx_word' id='word_1_3' title='bbox 861 468 881 507; x_wconf 89' lang='lat'><strong>1.</strong></span> 
     </span>
    </p>
   </div>
   <div class='ocr_carea' id='block_1_2' title="bbox 198 693 1155 3917">
    <p class='ocr_par' dir='ltr' id='par_1_2' title="bbox 510 693 932 944">
     <span class='ocr_line' id='line_1_2' title="bbox 510 693 852 742; baseline -0.006 0"><span class='ocrx_word' id='word_1_4' title='bbox 510 693 779 742; x_wconf 77' lang='lat' dir='ltr'>PARADOXON</span> <span class='ocrx_word' id='word_1_5' title='bbox 803 695 852 740; x_wconf 86' lang='lat' dir='ltr'><strong>1v.</strong></span> 
     </span>
     <span class='ocr_line' id='line_1_3' title="bbox 511 787 845 851; baseline 0.006 -17"><span class='ocrx_word' id='word_1_6' title='bbox 511 787 567 834; x_wconf 88' lang='grc' dir='ltr'><strong>Ὀτι</strong></span> <span class='ocrx_word' id='word_1_7' title='bbox 578 791 626 845; x_wconf 78' lang='grc' dir='ltr'><strong>πᾶς</strong></span> <span class='ocrx_word' id='word_1_8' title='bbox 636 787 716 848; x_wconf 69' lang='grc' dir='ltr'><strong><em>ἄφρων</em></strong></span> <span class='ocrx_word' id='word_1_9' title='bbox 725 788 845 851; x_wconf 64' lang='grc' dir='ltr'><strong>μαίνεται.</strong></span> 
     </span>
     <span class='ocr_line' id='line_1_4' title="bbox 512 875 932 944; baseline 0.002 -16"><span class='ocrx_word' id='word_1_10' title='bbox 512 879 721 928; x_wconf 68' lang='lat' dir='ltr'><strong>oeconomum</strong></span> <span class='ocrx_word' id='word_1_11' title='bbox 732 875 847 928; x_wconf 70' lang='lat' dir='ltr'><strong>inuenire.</strong></span> <span class='ocrx_word' id='word_1_12' title='bbox 925 935 932 944; x_wconf 43' lang='grc'><strong>,</strong></span> 
     </span>
    </p>

    <p class='ocr_par' dir='ltr' id='par_1_3' title="bbox 198 977 1155 3917">
     <span class='ocr_line' id='line_1_5' title="bbox 243 977 1153 1057; baseline 0.002 -21"><span class='ocrx_word' id='word_1_13' title='bbox 243 978 267 1036; x_wconf 87' lang='grc' dir='ltr'><strong>Ι.</strong></span> <span class='ocrx_word' id='word_1_14' title='bbox 285 981 333 1036; x_wconf 84' lang='grc'><strong>27.</strong></span> <span class='ocrx_word' id='word_1_15' title='bbox 347 977 495 1055; x_wconf 83' lang='lat' dir='ltr'><strong>Egovero</strong></span> <span class='ocrx_word' id='word_1_16' title='bbox 506 989 605 1036; x_wconf 84' lang='lat' dir='ltr'><strong>tenco</strong></span> <span class='ocrx_word' id='word_1_17' title='bbox 615 979 745 1046; x_wconf 84' lang='lat' dir='ltr'><strong>stultum,</strong></span> <span class='ocrx_word' id='word_1_18' title='bbox 755 990 788 1036; x_wconf 92' lang='lat' dir='ltr'><strong>ut</strong></span> <span class='ocrx_word' id='word_1_19' title='bbox 797 997 891 1054; x_wconf 82' lang='lat' dir='ltr'><strong>saepe;</strong></span> <span class='ocrx_word' id='word_1_20' title='bbox 907 997 964 1036; x_wconf 90' lang='lat' dir='ltr'><strong>non</strong></span> <span class='ocrx_word' id='word_1_21' title='bbox 975 978 1153 1057; x_wconf 86' lang='lat' dir='ltr'><strong>improbum,</strong></span> 
     </span>
     <span class='ocr_line' id='line_1_6' title="bbox 203 1067 1154 1151; baseline 0.002 -19"><span class='ocrx_word' id='word_1_22' title='bbox 203 1086 236 1132; x_wconf 86' lang='lat' dir='ltr'><strong>ut</strong></span> <span class='ocrx_word' id='word_1_23' title='bbox 245 1093 365 1151; x_wconf 81' lang='lat' dir='ltr'>semper</span> <span class='ocrx_word' id='word_1_24' title='bbox 372 1095 380 1143; x_wconf 88' lang='lat'>;</span> <span class='ocrx_word' id='word_1_25' title='bbox 401 1072 456 1132; x_wconf 87' lang='lat' dir='ltr'><strong>sed</strong></span> <span class='ocrx_word' id='word_1_26' title='bbox 466 1067 634 1132; x_wconf 67' lang='lat' dir='ltr'><strong>dementem</strong></span> <span class='ocrx_word' id='word_1_27' title='bbox 645 1084 675 1130; x_wconf 90' lang='lat' dir='ltr'><strong>et</strong></span> <span class='ocrx_word' id='word_1_28' title='bbox 685 1072 819 1135; x_wconf 86' lang='lat' dir='ltr'><strong>insenum</strong></span> <span class='ocrx_word' id='word_1_29' title='bbox 829 1073 920 1132; x_wconf 74' lang='lat' dir='ltr'><strong>reba·</strong></span> <span class='ocrx_word' id='word_1_30' title='bbox 928 1073 1043 1133; x_wconf 80' lang='lat' dir='ltr'><strong>vincam</strong></span> <span class='ocrx_word' id='word_1_31' title='bbox 1054 1095 1154 1134; x_wconf 81' lang='lat' dir='ltr'><strong>neces·</strong></span> 
     </span>
     <span class='ocr_line' id='line_1_7' title="bbox 204 1167 1155 1246; baseline 0.003 -17"><span class='ocrx_word' id='word_1_32' title='bbox 204 1168 296 1228; x_wconf 78' lang='lat' dir='ltr'><strong>aeriis.</strong></span> <span class='ocrx_word' id='word_1_33' title='bbox 337 1167 486 1246; x_wconf 79' lang='lat' dir='ltr'><strong>Sapientis</strong></span> <span class='ocrx_word' id='word_1_34' title='bbox 504 1168 620 1226; x_wconf 80' lang='lat' dir='ltr'><strong>enimus</strong></span> <span class='ocrx_word' id='word_1_35' title='bbox 640 1169 844 1246; x_wconf 80' lang='lat' dir='ltr'><strong>magnitudine</strong></span> <span class='ocrx_word' id='word_1_36' title='bbox 861 1170 983 1240; x_wconf 81' lang='lat' dir='ltr'><strong>consilii,</strong></span> <span class='ocrx_word' id='word_1_37' title='bbox 998 1171 1155 1232; x_wconf 76' lang='lat' dir='ltr'>tolerantia</span> 
     </span>
     <span class='ocr_line' id='line_1_8' title="bbox 202 1263 1155 1346; baseline 0.003 -24"><span class='ocrx_word' id='word_1_38' title='bbox 202 1283 303 1322; x_wconf 88' lang='lat' dir='ltr'><strong>rerum</strong></span> <span class='ocrx_word' id='word_1_39' title='bbox 315 1264 520 1332; x_wconf 79' lang='lat' dir='ltr'><strong>humanarum,</strong></span> <span class='ocrx_word' id='word_1_40' title='bbox 537 1263 734 1322; x_wconf 82' lang='lat' dir='ltr'><strong>contemtione</strong></span> <span class='ocrx_word' id='word_1_41' title='bbox 750 1263 883 1346; x_wconf 82' lang='lat' dir='ltr'><strong>fortnpae,</strong></span> <span class='ocrx_word' id='word_1_42' title='bbox 898 1264 1055 1324; x_wconf 84' lang='lat' dir='ltr'><strong>virtutibus</strong></span> <span class='ocrx_word' id='word_1_43' title='bbox 1073 1266 1155 1325; x_wconf 83' lang='lat' dir='ltr'><strong>deni·</strong></span> 
     </span>
     <span class='ocr_line' id='line_1_9' title="bbox 202 1357 1154 1437; baseline 0.002 -21"><span class='ocrx_word' id='word_1_44' title='bbox 202 1380 258 1436; x_wconf 88' lang='lat' dir='ltr'><strong>quo</strong></span> <span class='ocrx_word' id='word_1_45' title='bbox 268 1358 414 1428; x_wconf 86' lang='lat' dir='ltr'><strong>omuibus,</strong></span> <span class='ocrx_word' id='word_1_46' title='bbox 423 1371 457 1416; x_wconf 90' lang='lat' dir='ltr'><strong>ut</strong></span> <span class='ocrx_word' id='word_1_47' title='bbox 466 1358 622 1429; x_wconf 88' lang='lat' dir='ltr'><strong>moeuibus,</strong></span> <span class='ocrx_word' id='word_1_48' title='bbox 632 1357 919 1436; x_wconf 83' lang='lat' dir='ltr'><strong>septus‚vinceturet</strong></span> <span class='ocrx_word' id='word_1_49' title='bbox 927 1360 1154 1437; x_wconf 81' lang='lat' dir='ltr'><strong>expugnabitur,</strong></span> 
     </span>
     <span class='ocr_line' id='line_1_10' title="bbox 202 1445 1154 1532; baseline 0.002 -20"><span class='ocrx_word' id='word_1_50' title='bbox 202 1454 254 1531; x_wconf 89' lang='lat' dir='ltr'><strong>qui</strong></span> <span class='ocrx_word' id='word_1_51' title='bbox 267 1473 306 1512; x_wconf 87' lang='lat' dir='ltr'><strong>ne</strong></span> <span class='ocrx_word' id='word_1_52' title='bbox 320 1453 438 1512; x_wconf 86' lang='lat' dir='ltr'><strong>civitate</strong></span> <span class='ocrx_word' id='word_1_53' title='bbox 452 1445 575 1531; x_wconf 79' lang='lat' dir='ltr'><strong>quidem</strong></span> <span class='ocrx_word' id='word_1_54' title='bbox 589 1454 662 1532; x_wconf 88' lang='lat' dir='ltr'><strong>pelli</strong></span> <span class='ocrx_word' id='word_1_55' title='bbox 675 1454 792 1531; x_wconf 85' lang='lat' dir='ltr'><strong>poteetl</strong></span> <span class='ocrx_word' id='word_1_56' title='bbox 834 1454 914 1526; x_wconf 75' lang='lat' dir='ltr'><strong>Qum</strong></span> <span class='ocrx_word' id='word_1_57' title='bbox 928 1467 975 1513; x_wconf 87' lang='lat' dir='ltr'><strong>est</strong></span> <span class='ocrx_word' id='word_1_58' title='bbox 991 1455 1071 1514; x_wconf 88' lang='lat' dir='ltr'><strong>enim</strong></span> <span class='ocrx_word' id='word_1_59' title='bbox 1085 1455 1154 1514; x_wconf 85' lang='lat' dir='ltr'><strong>civi-</strong></span> 
     </span>
     <span class='ocr_line' id='line_1_11' title="bbox 202 1535 1153 1610; baseline 0.002 -3"><span class='ocrx_word' id='word_1_60' title='bbox 202 1549 268 1607; x_wconf 84' lang='lat' dir='ltr'><strong>tasl</strong></span> <span class='ocrx_word' id='word_1_61' title='bbox 309 1549 451 1608; x_wconf 86' lang='lat' dir='ltr'><strong>Omnisne</strong></span> <span class='ocrx_word' id='word_1_62' title='bbox 472 1535 636 1608; x_wconf 81' lang='lat' dir='ltr'><strong>conventus</strong></span> <span class='ocrx_word' id='word_1_63' title='bbox 656 1549 746 1608; x_wconf 86' lang='lat' dir='ltr'><strong>etiem</strong></span> <span class='ocrx_word' id='word_1_64' title='bbox 764 1548 896 1608; x_wconf 84' lang='lat' dir='ltr'><strong>ferorum</strong></span> <span class='ocrx_word' id='word_1_65' title='bbox 912 1563 943 1608; x_wconf 87' lang='lat' dir='ltr'><strong>et</strong></span> <span class='ocrx_word' id='word_1_66' title='bbox 958 1549 1153 1610; x_wconf 81' lang='lat' dir='ltr'><strong>immaniuml</strong></span> 
     </span>
     <span class='ocr_line' id='line_1_12' title="bbox 202 1643 1154 1724; baseline 0.004 -22"><span class='ocrx_word' id='word_1_67' title='bbox 202 1643 336 1702; x_wconf 85' lang='lat' dir='ltr'><strong>omnisne</strong></span> <span class='ocrx_word' id='word_1_68' title='bbox 351 1645 441 1704; x_wconf 85' lang='lat' dir='ltr'><strong>etiem</strong></span> <span class='ocrx_word' id='word_1_69' title='bbox 455 1644 647 1722; x_wconf 76' lang='lat' dir='ltr'><strong>fugitivorum</strong></span> <span class='ocrx_word' id='word_1_70' title='bbox 662 1665 696 1703; x_wconf 88' lang='lat' dir='ltr'><strong>ec</strong></span> <span class='ocrx_word' id='word_1_71' title='bbox 709 1646 858 1704; x_wconf 83' lang='lat' dir='ltr'><strong>latronum</strong></span> <span class='ocrx_word' id='word_1_72' title='bbox 872 1657 1049 1724; x_wconf 81' lang='lat' dir='ltr'><strong>congregete</strong></span> <span class='ocrx_word' id='word_1_73' title='bbox 1062 1667 1154 1706; x_wconf 85' lang='lat' dir='ltr'><strong>unum</strong></span> 
     </span>
     <span class='ocr_line' id='line_1_13' title="bbox 202 1738 1154 1820; baseline 0.001 -20"><span class='ocrx_word' id='word_1_74' title='bbox 202 1738 233 1800; x_wconf 88' lang='lat' dir='ltr'><strong>in</strong></span> <span class='ocrx_word' id='word_1_75' title='bbox 253 1741 353 1798; x_wconf 85' lang='lat' dir='ltr'><strong>locum</strong></span> <span class='ocrx_word' id='word_1_76' title='bbox 371 1739 549 1800; x_wconf 80' lang='lat' dir='ltr'><strong>multitudol</strong></span> <span class='ocrx_word' id='word_1_77' title='bbox 595 1741 688 1799; x_wconf 84' lang='lat' dir='ltr'><strong>Certe</strong></span> <span class='ocrx_word' id='word_1_78' title='bbox 709 1741 839 1820; x_wconf 77' lang='lat' dir='ltr'><strong>negabis.</strong></span> <span class='ocrx_word' id='word_1_79' title='bbox 885 1741 958 1800; x_wconf 91' lang='lat' dir='ltr'><strong>Non</strong></span> <span class='ocrx_word' id='word_1_80' title='bbox 978 1741 1069 1820; x_wconf 82' lang='lat' dir='ltr'><strong>igitur</strong></span> <span class='ocrx_word' id='word_1_81' title='bbox 1089 1755 1154 1802; x_wconf 85' lang='lat' dir='ltr'><strong>eret</strong></span> 
     </span>
     <span class='ocr_line' id='line_1_14' title="bbox 202 1833 1154 1914; baseline 0.008 -22"><span class='ocrx_word' id='word_1_82' title='bbox 202 1833 254 1893; x_wconf 87' lang='lat' dir='ltr'><strong>illa</strong></span> <span class='ocrx_word' id='word_1_83' title='bbox 269 1847 333 1893; x_wconf 86' lang='lat' dir='ltr'><strong>tum</strong></span> <span class='ocrx_word' id='word_1_84' title='bbox 350 1835 461 1905; x_wconf 83' lang='lat' dir='ltr'><strong>civitas,</strong></span> <span class='ocrx_word' id='word_1_85' title='bbox 478 1856 569 1912; x_wconf 89' lang='lat' dir='ltr'><strong>quum</strong></span> <span class='ocrx_word' id='word_1_86' title='bbox 585 1837 668 1914; x_wconf 79' lang='lat' dir='ltr'><strong>leges</strong></span> <span class='ocrx_word' id='word_1_87' title='bbox 685 1835 715 1892; x_wconf 90' lang='lat' dir='ltr'><strong>in</strong></span> <span class='ocrx_word' id='word_1_88' title='bbox 735 1856 773 1894; x_wconf 86' lang='lat' dir='ltr'><strong>se</strong></span> <span class='ocrx_word' id='word_1_89' title='bbox 792 1836 866 1894; x_wconf 84' lang='lat' dir='ltr'><strong>nihil</strong></span> <span class='ocrx_word' id='word_1_90' title='bbox 882 1837 1035 1896; x_wconf 82' lang='lat' dir='ltr'><strong>velebant:</strong></span> <span class='ocrx_word' id='word_1_91' title='bbox 1061 1857 1154 1914; x_wconf 85' lang='lat' dir='ltr'><strong>quum</strong></span> 
     </span>
     <span class='ocr_line' id='line_1_15' title="bbox 203 1911 1153 2010; baseline 0.006 -23"><span class='ocrx_word' id='word_1_92' title='bbox 203 1929 317 2008; x_wconf 87' lang='lat' dir='ltr'><strong>judicia</strong></span> <span class='ocrx_word' id='word_1_93' title='bbox 335 1931 495 2008; x_wconf 85' lang='lat' dir='ltr'><strong>jacebant:</strong></span> <span class='ocrx_word' id='word_1_94' title='bbox 519 1951 613 2008; x_wconf 88' lang='lat' dir='ltr'><strong>quum</strong></span> <span class='ocrx_word' id='word_1_95' title='bbox 637 1911 701 1988; x_wconf 85' lang='lat' dir='ltr'><strong>uios</strong></span> <span class='ocrx_word' id='word_1_96' title='bbox 723 1931 835 2009; x_wconf 85' lang='lat' dir='ltr'><strong>petrins</strong></span> <span class='ocrx_word' id='word_1_97' title='bbox 860 1932 1027 1992; x_wconf 85' lang='lat' dir='ltr'><strong>occideret:</strong></span> <span class='ocrx_word' id='word_1_98' title='bbox 1052 1954 1153 2010; x_wconf 86' lang='lat' dir='ltr'><strong>quum,</strong></span> 
     </span>
     <span class='ocr_line' id='line_1_16' title="bbox 200 2019 1153 2106; baseline 0.005 -23"><span class='ocrx_word' id='word_1_99' title='bbox 200 2024 279 2083; x_wconf 78' lang='lat' dir='ltr'><strong>ferro</strong></span> <span class='ocrx_word' id='word_1_100' title='bbox 290 2025 385 2104; x_wconf 87' lang='lat' dir='ltr'><strong>pulsis</strong></span> <span class='ocrx_word' id='word_1_101' title='bbox 399 2019 626 2103; x_wconf 75' lang='lat' dir='ltr'><strong>magistratibus,</strong></span> <span class='ocrx_word' id='word_1_102' title='bbox 637 2038 755 2084; x_wconf 86' lang='lat' dir='ltr'><strong>senatus</strong></span> <span class='ocrx_word' id='word_1_103' title='bbox 765 2047 875 2086; x_wconf 82' lang='lat' dir='ltr'><strong>nomen</strong></span> <span class='ocrx_word' id='word_1_104' title='bbox 885 2027 916 2084; x_wconf 86' lang='lat' dir='ltr'><strong>in</strong></span> <span class='ocrx_word' id='word_1_105' title='bbox 926 2029 1080 2106; x_wconf 73' lang='lat' dir='ltr'><strong>republica</strong></span> <span class='ocrx_word' id='word_1_106' title='bbox 1092 2048 1153 2088; x_wconf 86' lang='lat' dir='ltr'><strong>nou</strong></span> 
     </span>
     <span class='ocr_line' id='line_1_17' title="bbox 200 2118 1154 2192; baseline 0.005 -13"><span class='ocrx_word' id='word_1_107' title='bbox 200 2133 273 2180; x_wconf 86' lang='lat' dir='ltr'><strong>eret.</strong></span> <span class='ocrx_word' id='word_1_108' title='bbox 314 2119 495 2179; x_wconf 78' lang='lat' dir='ltr'><strong>Prsedonum</strong></span> <span class='ocrx_word' id='word_1_109' title='bbox 511 2118 563 2176; x_wconf 87' lang='lat' dir='ltr'><strong>illa</strong></span> <span class='ocrx_word' id='word_1_110' title='bbox 580 2139 748 2188; x_wconf 76' lang='lat' dir='ltr'><strong>concursus,</strong></span> <span class='ocrx_word' id='word_1_111' title='bbox 763 2132 801 2190; x_wconf 84' lang='lat' dir='ltr'><strong>et,</strong></span> <span class='ocrx_word' id='word_1_112' title='bbox 816 2134 847 2179; x_wconf 89' lang='lat' dir='ltr'><strong>te</strong></span> <span class='ocrx_word' id='word_1_113' title='bbox 864 2121 952 2192; x_wconf 88' lang='lat' dir='ltr'><strong>duce,</strong></span> <span class='ocrx_word' id='word_1_114' title='bbox 969 2124 1154 2184; x_wconf 76' lang='lat' dir='ltr'><strong>lenocinium</strong></span> 
     </span>
     <span class='ocr_line' id='line_1_18' title="bbox 199 2213 1154 2292; baseline 0.006 -20"><span class='ocrx_word' id='word_1_115' title='bbox 199 2213 231 2272; x_wconf 91' lang='lat' dir='ltr'><strong>in</strong></span> <span class='ocrx_word' id='word_1_116' title='bbox 248 2213 314 2272; x_wconf 83' lang='lat' dir='ltr'><strong>foro</strong></span> <span class='ocrx_word' id='word_1_117' title='bbox 335 2213 535 2282; x_wconf 88' lang='lat' dir='ltr'><strong>constitutum,</strong></span> <span class='ocrx_word' id='word_1_118' title='bbox 552 2226 583 2271; x_wconf 88' lang='lat' dir='ltr'><strong>et</strong></span> <span class='ocrx_word' id='word_1_119' title='bbox 603 2213 736 2289; x_wconf 73' lang='lat' dir='ltr'><strong>reliquias</strong></span> <span class='ocrx_word' id='word_1_120' title='bbox 758 2215 967 2292; x_wconf 77' lang='lat' dir='ltr'><strong>conjurationis</strong></span> <span class='ocrx_word' id='word_1_121' title='bbox 984 2237 1002 2274; x_wconf 90' lang='lat' dir='ltr'><strong>e</strong></span> <span class='ocrx_word' id='word_1_122' title='bbox 1018 2217 1154 2278; x_wconf 79' lang='lat' dir='ltr'><strong>Catilium</strong></span> 
     </span>
     <span class='ocr_line' id='line_1_19' title="bbox 199 2308 1154 2386; baseline 0.003 -18"><span class='ocrx_word' id='word_1_123' title='bbox 199 2309 284 2369; x_wconf 82' lang='lat' dir='ltr'><strong>feriis</strong></span> <span class='ocrx_word' id='word_1_124' title='bbox 307 2308 346 2368; x_wconf 85' lang='lat' dir='ltr'><strong>ed</strong></span> <span class='ocrx_word' id='word_1_125' title='bbox 367 2320 452 2368; x_wconf 89' lang='lat' dir='ltr'><strong>tuum</strong></span> <span class='ocrx_word' id='word_1_126' title='bbox 471 2309 568 2368; x_wconf 88' lang='lat' dir='ltr'><strong>scelus</strong></span> <span class='ocrx_word' id='word_1_127' title='bbox 587 2309 777 2386; x_wconf 84' lang='lat' dir='ltr'><strong>furoremque</strong></span> <span class='ocrx_word' id='word_1_128' title='bbox 798 2329 957 2379; x_wconf 70' lang='lat' dir='ltr'><strong>conserens,</strong></span> <span class='ocrx_word' id='word_1_129' title='bbox 973 2331 1032 2369; x_wconf 90' lang='lat' dir='ltr'><strong>non</strong></span> <span class='ocrx_word' id='word_1_130' title='bbox 1052 2312 1154 2372; x_wconf 78' lang='lat' dir='ltr'><strong>civitas</strong></span> 
     </span>
     <span class='ocr_line' id='line_1_20' title="bbox 200 2397 1155 2483; baseline 0.003 -20"><span class='ocrx_word' id='word_1_131' title='bbox 200 2418 272 2464; x_wconf 85' lang='lat' dir='ltr'><strong>eret.</strong></span> <span class='ocrx_word' id='word_1_132' title='bbox 312 2408 361 2462; x_wconf 86' lang='grc'><strong>28.</strong></span> <span class='ocrx_word' id='word_1_133' title='bbox 379 2404 485 2481; x_wconf 88' lang='lat' dir='ltr'><strong>Itaque</strong></span> <span class='ocrx_word' id='word_1_134' title='bbox 499 2404 602 2482; x_wconf 88' lang='lat' dir='ltr'><strong>pulsus</strong></span> <span class='ocrx_word' id='word_1_135' title='bbox 620 2423 677 2482; x_wconf 81' lang='lat' dir='ltr'><strong>ego</strong></span> <span class='ocrx_word' id='word_1_136' title='bbox 691 2404 811 2462; x_wconf 83' lang='lat' dir='ltr'><strong>civitate</strong></span> <span class='ocrx_word' id='word_1_137' title='bbox 823 2397 883 2463; x_wconf 80' lang='lat' dir='ltr'><strong>n&#39;on</strong></span> <span class='ocrx_word' id='word_1_138' title='bbox 901 2425 975 2474; x_wconf 86' lang='lat' dir='ltr'><strong>sum,</strong></span> <span class='ocrx_word' id='word_1_139' title='bbox 990 2425 1057 2483; x_wconf 77' lang='lat' dir='ltr'><strong>quea</strong></span> <span class='ocrx_word' id='word_1_140' title='bbox 1072 2407 1155 2468; x_wconf 82' lang='lat' dir='ltr'><strong>nulle</strong></span> 
     </span>
     <span class='ocr_line' id='line_1_21' title="bbox 201 2498 1155 2580; baseline 0.003 -22"><span class='ocrx_word' id='word_1_141' title='bbox 201 2512 282 2559; x_wconf 85' lang='lat' dir='ltr'><strong>eret:</strong></span> <span class='ocrx_word' id='word_1_142' title='bbox 300 2498 459 2560; x_wconf 78' lang='lat' dir='ltr'><strong>arcessitus</strong></span> <span class='ocrx_word' id='word_1_143' title='bbox 470 2498 501 2556; x_wconf 89' lang='lat' dir='ltr'><strong>iu</strong></span> <span class='ocrx_word' id='word_1_144' title='bbox 515 2498 663 2562; x_wconf 76' lang='lat' dir='ltr'><strong>civitatem</strong></span> <span class='ocrx_word' id='word_1_145' title='bbox 676 2517 752 2568; x_wconf 85' lang='lat' dir='ltr'><strong>snm,</strong></span> <span class='ocrx_word' id='word_1_146' title='bbox 763 2520 855 2576; x_wconf 88' lang='lat' dir='ltr'><strong>quum</strong></span> <span class='ocrx_word' id='word_1_147' title='bbox 869 2501 988 2560; x_wconf 75' lang='lat' dir='ltr'><strong>oscetin</strong></span> <span class='ocrx_word' id='word_1_148' title='bbox 1001 2502 1155 2580; x_wconf 71' lang='lat' dir='ltr'><strong>republica</strong></span> 
     </span>
     <span class='ocr_line' id='line_1_22' title="bbox 201 2594 1153 2675; baseline 0.003 -21"><span class='ocrx_word' id='word_1_149' title='bbox 201 2596 313 2664; x_wconf 84' lang='lat' dir='ltr'><strong>consul,</strong></span> <span class='ocrx_word' id='word_1_150' title='bbox 333 2595 384 2673; x_wconf 92' lang='lat' dir='ltr'><strong>qni</strong></span> <span class='ocrx_word' id='word_1_151' title='bbox 408 2606 472 2652; x_wconf 87' lang='lat' dir='ltr'><strong>tum</strong></span> <span class='ocrx_word' id='word_1_152' title='bbox 494 2595 594 2668; x_wconf 86' lang='lat' dir='ltr'><strong>nullus</strong></span> <span class='ocrx_word' id='word_1_153' title='bbox 617 2594 729 2654; x_wconf 84' lang='lat' dir='ltr'><strong>fuerat:</strong></span> <span class='ocrx_word' id='word_1_154' title='bbox 760 2609 840 2655; x_wconf 84' lang='lat' dir='ltr'><strong>esset</strong></span> <span class='ocrx_word' id='word_1_155' title='bbox 866 2610 994 2668; x_wconf 76' lang='lat' dir='ltr'><strong>senatus,</strong></span> <span class='ocrx_word' id='word_1_156' title='bbox 1016 2598 1068 2675; x_wconf 90' lang='lat' dir='ltr'><strong>qui</strong></span> <span class='ocrx_word' id='word_1_157' title='bbox 1090 2610 1153 2658; x_wconf 88' lang='lat' dir='ltr'><strong>tum</strong></span> 
     </span>
     <span class='ocr_line' id='line_1_23' title="bbox 201 2690 1153 2772; baseline 0.004 -22"><span class='ocrx_word' id='word_1_158' title='bbox 201 2690 367 2752; x_wconf 86' lang='lat' dir='ltr'><strong>occideret:</strong></span> <span class='ocrx_word' id='word_1_159' title='bbox 392 2703 474 2750; x_wconf 86' lang='lat' dir='ltr'><strong>esset</strong></span> <span class='ocrx_word' id='word_1_160' title='bbox 494 2709 654 2750; x_wconf 88' lang='lat' dir='ltr'><strong>consensus</strong></span> <span class='ocrx_word' id='word_1_161' title='bbox 674 2691 780 2770; x_wconf 89' lang='lat' dir='ltr'><strong>populi</strong></span> <span class='ocrx_word' id='word_1_162' title='bbox 804 2692 908 2752; x_wconf 87' lang='lat' dir='ltr'><strong>liberi:</strong></span> <span class='ocrx_word' id='word_1_163' title='bbox 929 2705 1009 2752; x_wconf 85' lang='lat' dir='ltr'><strong>esset</strong></span> <span class='ocrx_word' id='word_1_164' title='bbox 1025 2694 1103 2772; x_wconf 83' lang='lat' dir='ltr'><strong>juris</strong></span> <span class='ocrx_word' id='word_1_165' title='bbox 1122 2706 1153 2754; x_wconf 88' lang='lat' dir='ltr'><strong>st</strong></span> 
     </span>
     <span class='ocr_line' id='line_1_24' title="bbox 200 2785 1153 2867; baseline 0.006 -23"><span class='ocrx_word' id='word_1_166' title='bbox 200 2785 440 2864; x_wconf 61' lang='lat' dir='ltr'><strong>aequitatisque</strong></span> <span class='ocrx_word' id='word_1_167' title='bbox 464 2786 582 2845; x_wconf 79' lang='lat' dir='ltr'><strong>vincula</strong></span> <span class='ocrx_word' id='word_1_168' title='bbox 605 2799 674 2845; x_wconf 87' lang='lat' dir='ltr'><strong>sunt</strong></span> <span class='ocrx_word' id='word_1_169' title='bbox 697 2786 834 2860; x_wconf 86' lang='lat' dir='ltr'><strong>civitatis,</strong></span> <span class='ocrx_word' id='word_1_170' title='bbox 852 2789 978 2867; x_wconf 80' lang='lat' dir='ltr'><strong>repetita</strong></span> <span class='ocrx_word' id='word_1_171' title='bbox 1001 2790 1153 2850; x_wconf 84' lang='lat' dir='ltr'><strong>memoria.</strong></span> 
     </span>
     <span class='ocr_line' id='line_1_25' title="bbox 200 2880 1153 2959; baseline 0.007 -20"><span class='ocrx_word' id='word_1_172' title='bbox 200 2881 247 2939; x_wconf 91' lang='lat' dir='ltr'><strong>Ac</strong></span> <span class='ocrx_word' id='word_1_173' title='bbox 261 2881 337 2951; x_wconf 86' lang='lat' dir='ltr'><strong>vide,</strong></span> <span class='ocrx_word' id='word_1_174' title='bbox 352 2901 443 2959; x_wconf 82' lang='lat' dir='ltr'><strong>qnam</strong></span> <span class='ocrx_word' id='word_1_175' title='bbox 457 2881 514 2942; x_wconf 91' lang='lat' dir='ltr'><strong>iste</strong></span> <span class='ocrx_word' id='word_1_176' title='bbox 529 2880 574 2940; x_wconf 91' lang='lat' dir='ltr'><strong>tni</strong></span> <span class='ocrx_word' id='word_1_177' title='bbox 587 2881 736 2942; x_wconf 77' lang='lat' dir='ltr'><strong>latrocinii</strong></span> <span class='ocrx_word' id='word_1_178' title='bbox 750 2883 809 2942; x_wconf 83' lang='lat' dir='ltr'><strong>tela</strong></span> <span class='ocrx_word' id='word_1_179' title='bbox 823 2885 1043 2946; x_wconf 84' lang='lat' dir='ltr'><strong>contemserim.</strong></span> <span class='ocrx_word' id='word_1_180' title='bbox 1082 2885 1104 2944; x_wconf 93' lang='lat' dir='ltr'><strong>J</strong></span> <span class='ocrx_word' id='word_1_181' title='bbox 1106 2907 1153 2946; x_wconf 86' lang='lat' dir='ltr'><strong>ec·</strong></span> 
     </span>
     <span class='ocr_line' id='line_1_26' title="bbox 200 2977 1154 3060; baseline 0.004 -24"><span class='ocrx_word' id='word_1_182' title='bbox 200 2988 260 3036; x_wconf 79' lang='lat' dir='ltr'><strong>tam</strong></span> <span class='ocrx_word' id='word_1_183' title='bbox 281 2989 311 3035; x_wconf 86' lang='lat' dir='ltr'><strong>ct</strong></span> <span class='ocrx_word' id='word_1_184' title='bbox 330 2977 491 3036; x_wconf 77' lang='lat' dir='ltr'><strong>immissum</strong></span> <span class='ocrx_word' id='word_1_185' title='bbox 514 2997 532 3036; x_wconf 90' lang='lat' dir='ltr'><strong>a</strong></span> <span class='ocrx_word' id='word_1_186' title='bbox 552 2989 581 3036; x_wconf 84' lang='lat' dir='ltr'><strong>te</strong></span> <span class='ocrx_word' id='word_1_187' title='bbox 602 2978 745 3037; x_wconf 74' lang='lat' dir='ltr'><strong>ueletiam</strong></span> <span class='ocrx_word' id='word_1_188' title='bbox 761 2978 793 3038; x_wconf 89' lang='lat' dir='ltr'><strong>in</strong></span> <span class='ocrx_word' id='word_1_189' title='bbox 813 2999 861 3038; x_wconf 85' lang='lat' dir='ltr'><strong>me</strong></span> <span class='ocrx_word' id='word_1_190' title='bbox 878 2980 1014 3059; x_wconf 84' lang='lat' dir='ltr'><strong>injuriam</strong></span> <span class='ocrx_word' id='word_1_191' title='bbox 1034 3001 1154 3060; x_wconf 85' lang='lat' dir='ltr'><strong>semper</strong></span> 
     </span>
     <span class='ocr_line' id='line_1_27' title="bbox 201 3071 1153 3154; baseline 0.004 -25"><span class='ocrx_word' id='word_1_192' title='bbox 201 3071 288 3130; x_wconf 87' lang='lat' dir='ltr'><strong>duxi:</strong></span> <span class='ocrx_word' id='word_1_193' title='bbox 306 3072 477 3152; x_wconf 83' lang='lat' dir='ltr'><strong>pervenisse</strong></span> <span class='ocrx_word' id='word_1_194' title='bbox 489 3073 526 3130; x_wconf 88' lang='lat' dir='ltr'><strong>ad</strong></span> <span class='ocrx_word' id='word_1_195' title='bbox 537 3093 586 3132; x_wconf 84' lang='lat' dir='ltr'><strong>me</strong></span> <span class='ocrx_word' id='word_1_196' title='bbox 596 3095 748 3152; x_wconf 78' lang='lat' dir='ltr'><strong>nunquam</strong></span> <span class='ocrx_word' id='word_1_197' title='bbox 759 3075 877 3154; x_wconf 83' lang='lat' dir='ltr'><strong>putari:</strong></span> <span class='ocrx_word' id='word_1_198' title='bbox 894 3075 953 3134; x_wconf 87' lang='lat' dir='ltr'><strong>nisi</strong></span> <span class='ocrx_word' id='word_1_199' title='bbox 963 3076 1153 3152; x_wconf 62' lang='lat' dir='ltr'><strong>essequam</strong></span> 
     </span>
     <span class='ocr_line' id='line_1_28' title="bbox 200 3168 1152 3247; baseline 0.002 -21"><span class='ocrx_word' id='word_1_200' title='bbox 200 3168 328 3246; x_wconf 79' lang='lat' dir='ltr'><strong>parietes</strong></span> <span class='ocrx_word' id='word_1_201' title='bbox 342 3168 540 3238; x_wconf 74' lang='lat' dir='ltr'><strong>disturbabas,</strong></span> <span class='ocrx_word' id='word_1_202' title='bbox 550 3181 599 3227; x_wconf 86' lang='lat' dir='ltr'><strong>aut</strong></span> <span class='ocrx_word' id='word_1_203' title='bbox 611 3189 703 3247; x_wconf 90' lang='lat' dir='ltr'><strong>quum</strong></span> <span class='ocrx_word' id='word_1_204' title='bbox 717 3171 804 3230; x_wconf 89' lang='lat' dir='ltr'><strong>tectis</strong></span> <span class='ocrx_word' id='word_1_205' title='bbox 817 3173 976 3230; x_wconf 86' lang='lat' dir='ltr'><strong>sceleratas</strong></span> <span class='ocrx_word' id='word_1_206' title='bbox 986 3169 1066 3230; x_wconf 84' lang='lat' dir='ltr'><strong>faces</strong></span> <span class='ocrx_word' id='word_1_207' title='bbox 1079 3169 1152 3228; x_wconf 84' lang='lat' dir='ltr'><strong>infe-</strong></span> 
     </span>
     <span class='ocr_line' id='line_1_29' title="bbox 199 3263 1152 3347; baseline 0.001 -26"><span class='ocrx_word' id='word_1_208' title='bbox 199 3264 297 3332; x_wconf 83' lang='lat' dir='ltr'><strong>rebas,</strong></span> <span class='ocrx_word' id='word_1_209' title='bbox 312 3283 446 3322; x_wconf 83' lang='lat' dir='ltr'><strong>meorum</strong></span> <span class='ocrx_word' id='word_1_210' title='bbox 467 3263 579 3342; x_wconf 78' lang='lat' dir='ltr'><strong>aliquid</strong></span> <span class='ocrx_word' id='word_1_211' title='bbox 597 3286 685 3324; x_wconf 85' lang='lat' dir='ltr'><strong>ruere</strong></span> <span class='ocrx_word' id='word_1_212' title='bbox 706 3279 757 3347; x_wconf 81' lang='lat' dir='ltr'><strong>eut</strong></span> <span class='ocrx_word' id='word_1_213' title='bbox 777 3267 941 3344; x_wconf 77' lang='lat' dir='ltr'><strong>deflagrare</strong></span> <span class='ocrx_word' id='word_1_214' title='bbox 962 3263 1152 3324; x_wconf 74' lang='lat' dir='ltr'><strong>arbitrabere.</strong></span> 
     </span>
     <span class='ocr_line' id='line_1_30' title="bbox 200 3359 1152 3441; baseline 0.002 -25"><span class='ocrx_word' id='word_1_215' title='bbox 200 3363 248 3417; x_wconf 90' lang='grc'><strong>29.</strong></span> <span class='ocrx_word' id='word_1_216' title='bbox 263 3359 348 3417; x_wconf 89' lang='lat' dir='ltr'><strong>Nihil</strong></span> <span class='ocrx_word' id='word_1_217' title='bbox 357 3379 455 3436; x_wconf 88' lang='lat' dir='ltr'><strong>neque</strong></span> <span class='ocrx_word' id='word_1_218' title='bbox 468 3380 567 3419; x_wconf 87' lang='lat' dir='ltr'><strong>meum</strong></span> <span class='ocrx_word' id='word_1_219' title='bbox 578 3373 631 3431; x_wconf 87' lang='lat' dir='ltr'><strong>est,</strong></span> <span class='ocrx_word' id='word_1_220' title='bbox 640 3381 740 3439; x_wconf 86' lang='lat' dir='ltr'><strong>neque</strong></span> <span class='ocrx_word' id='word_1_221' title='bbox 750 3363 934 3441; x_wconf 87' lang='lat' dir='ltr'><strong>cujusquam,</strong></span> <span class='ocrx_word' id='word_1_222' title='bbox 943 3361 1024 3438; x_wconf 87' lang='lat' dir='ltr'><strong>quod</strong></span> <span class='ocrx_word' id='word_1_223' title='bbox 1032 3359 1152 3431; x_wconf 82' lang='lat' dir='ltr'><strong>ansoni,</strong></span> 
     </span>
     <span class='ocr_line' id='line_1_31' title="bbox 199 3454 1151 3536; baseline 0 -22"><span class='ocrx_word' id='word_1_224' title='bbox 199 3457 277 3534; x_wconf 87' lang='lat' dir='ltr'><strong>quod</strong></span> <span class='ocrx_word' id='word_1_225' title='bbox 288 3456 374 3536; x_wconf 86' lang='lat' dir='ltr'><strong>cripi,</strong></span> <span class='ocrx_word' id='word_1_226' title='bbox 384 3457 461 3534; x_wconf 89' lang='lat' dir='ltr'><strong>quod</strong></span> <span class='ocrx_word' id='word_1_227' title='bbox 474 3457 568 3515; x_wconf 86' lang='lat' dir='ltr'><strong>amitti</strong></span> <span class='ocrx_word' id='word_1_228' title='bbox 578 3471 685 3536; x_wconf 87' lang='lat' dir='ltr'><strong>potest.</strong></span> <span class='ocrx_word' id='word_1_229' title='bbox 722 3458 756 3516; x_wconf 89' lang='lat' dir='ltr'><strong>Si</strong></span> <span class='ocrx_word' id='word_1_230' title='bbox 767 3457 840 3516; x_wconf 85' lang='lat' dir='ltr'><strong>mihi</strong></span> <span class='ocrx_word' id='word_1_231' title='bbox 851 3456 1011 3534; x_wconf 85' lang='lat' dir='ltr'><strong>eripuisses</strong></span> <span class='ocrx_word' id='word_1_232' title='bbox 1021 3454 1151 3514; x_wconf 80' lang='lat' dir='ltr'><strong>divinam</strong></span> 
     </span>
     <span class='ocr_line' id='line_1_32' title="bbox 201 3549 1152 3627; baseline -0.003 -16"><span class='ocrx_word' id='word_1_233' title='bbox 201 3553 291 3611; x_wconf 88' lang='lat' dir='ltr'><strong>enimi</strong></span> <span class='ocrx_word' id='word_1_234' title='bbox 305 3553 366 3611; x_wconf 90' lang='lat' dir='ltr'><strong>mei</strong></span> <span class='ocrx_word' id='word_1_235' title='bbox 381 3553 586 3620; x_wconf 86' lang='lat' dir='ltr'><strong>constentiam,</strong></span> <span class='ocrx_word' id='word_1_236' title='bbox 601 3571 683 3610; x_wconf 86' lang='lat' dir='ltr'><strong>meas</strong></span> <span class='ocrx_word' id='word_1_237' title='bbox 698 3571 793 3620; x_wconf 86' lang='lat' dir='ltr'><strong>cures,</strong></span> <span class='ocrx_word' id='word_1_238' title='bbox 804 3551 931 3627; x_wconf 84' lang='lat' dir='ltr'><strong>vigilias,</strong></span> <span class='ocrx_word' id='word_1_239' title='bbox 946 3549 1075 3620; x_wconf 79' lang='lat' dir='ltr'><strong>consilia,</strong></span> <span class='ocrx_word' id='word_1_240' title='bbox 1088 3549 1152 3626; x_wconf 90' lang='lat' dir='ltr'><strong>qui·</strong></span> 
     </span>
     <span class='ocr_line' id='line_1_33' title="bbox 198 3644 1152 3727; baseline -0.003 -21"><span class='ocrx_word' id='word_1_241' title='bbox 198 3647 255 3706; x_wconf 91' lang='lat' dir='ltr'><strong>bus</strong></span> <span class='ocrx_word' id='word_1_242' title='bbox 268 3649 439 3727; x_wconf 78' lang='lat' dir='ltr'><strong>respublica</strong></span> <span class='ocrx_word' id='word_1_243' title='bbox 449 3660 479 3706; x_wconf 87' lang='lat' dir='ltr'><strong>te</strong></span> <span class='ocrx_word' id='word_1_244' title='bbox 489 3647 664 3706; x_wconf 86' lang='lat' dir='ltr'><strong>invitissimo</strong></span> <span class='ocrx_word' id='word_1_245' title='bbox 678 3658 748 3717; x_wconf 79' lang='lat' dir='ltr'><strong>stet3</strong></span> <span class='ocrx_word' id='word_1_246' title='bbox 766 3646 792 3704; x_wconf 89' lang='lat' dir='ltr'><strong>si</strong></span> <span class='ocrx_word' id='word_1_247' title='bbox 802 3646 891 3724; x_wconf 84' lang='lat' dir='ltr'><strong>hujus</strong></span> <span class='ocrx_word' id='word_1_248' title='bbox 901 3644 1005 3702; x_wconf 71' lang='lat' dir='ltr'><strong>aeterni</strong></span> <span class='ocrx_word' id='word_1_249' title='bbox 1014 3645 1152 3704; x_wconf 85' lang='lat' dir='ltr'><strong>beneficii</strong></span> 
     </span>
     <span class='ocr_line' id='line_1_34' title="bbox 198 3740 1151 3818; baseline -0.004 -16"><span class='ocrx_word' id='word_1_250' title='bbox 198 3743 395 3802; x_wconf 85' lang='lat' dir='ltr'><strong>immortalem</strong></span> <span class='ocrx_word' id='word_1_251' title='bbox 408 3743 582 3803; x_wconf 85' lang='lat' dir='ltr'><strong>memoriam</strong></span> <span class='ocrx_word' id='word_1_252' title='bbox 597 3741 775 3801; x_wconf 78' lang='lat' dir='ltr'><strong>delevisses:</strong></span> <span class='ocrx_word' id='word_1_253' title='bbox 795 3741 889 3799; x_wconf 87' lang='lat' dir='ltr'><strong>multo</strong></span> <span class='ocrx_word' id='word_1_254' title='bbox 904 3740 994 3800; x_wconf 86' lang='lat' dir='ltr'><strong>etiem</strong></span> <span class='ocrx_word' id='word_1_255' title='bbox 1008 3740 1151 3818; x_wconf 85' lang='lat' dir='ltr'><strong>megis‚·si</strong></span> 
     </span>
     <span class='ocr_line' id='line_1_35' title="bbox 199 3835 1151 3917; baseline -0.001 -19"><span class='ocrx_word' id='word_1_256' title='bbox 199 3839 281 3898; x_wconf 87' lang='lat' dir='ltr'><strong>illam</strong></span> <span class='ocrx_word' id='word_1_257' title='bbox 295 3851 434 3910; x_wconf 85' lang='lat' dir='ltr'><strong>mentem,</strong></span> <span class='ocrx_word' id='word_1_258' title='bbox 449 3838 530 3898; x_wconf 85' lang='lat' dir='ltr'><strong>unde</strong></span> <span class='ocrx_word' id='word_1_259' title='bbox 543 3838 608 3898; x_wconf 85' lang='lat' dir='ltr'><strong>haec</strong></span> <span class='ocrx_word' id='word_1_260' title='bbox 625 3835 747 3896; x_wconf 87' lang='lat' dir='ltr'><strong>consilia</strong></span> <span class='ocrx_word' id='word_1_261' title='bbox 763 3847 927 3910; x_wconf 75' lang='lat' dir='ltr'><strong>manarunt,</strong></span> <span class='ocrx_word' id='word_1_262' title='bbox 941 3835 1014 3895; x_wconf 88' lang='lat' dir='ltr'><strong>mihi</strong></span> <span class='ocrx_word' id='word_1_263' title='bbox 1027 3835 1151 3917; x_wconf 84' lang='lat' dir='ltr'><strong>eripuis·</strong></span> 
     </span>
    </p>
   </div>
   <div class='ocr_carea' id='block_1_3' title="bbox 648 3933 711 3994">
    <p class='ocr_par' dir='ltr' id='par_1_4' title="bbox 648 3933 711 3994">
     <span class='ocr_line' id='line_1_36' title="bbox 648 3933 711 3994; baseline -0.032 0"><span class='ocrx_word' id='word_1_264' title='bbox 648 3933 711 3994; x_wconf 73' lang='lat' dir='ltr'><strong>Du</strong></span> 
     </span>
    </p>
   </div>
   <div class='ocr_carea' id='block_1_4' title="bbox 0 0 1354 4508">
    <p class='ocr_par' dir='ltr' id='par_1_5' title="bbox 0 0 1354 4508">
     <span class='ocr_line' id='line_1_37' title="bbox 0 0 1354 4508; baseline 0 1"><span class='ocrx_word' id='word_1_265' title='bbox 0 0 1354 4508; x_wconf 95' lang='lat' dir='ltr'><strong> </strong></span> 
     </span>
    </p>
   </div>
  </div>
 </body>
</html>
