2698 4508
219 413 262 472 88
562 427 595 468 nt.
612 427 641 467 r.
658 397 821 470 cressonis

218 558 312 618 tium:
332 557 399 633 quis
418 555 496 616 hunc
518 561 579 614 non
602 569 688 634 putet
710 557 851 626 confiteri,
868 557 925 616 sibi
944 559 1071 635 quaesito
1093 579 1168 639 opus

218 653 306 712 osset
353 651 412 708 Cui
428 651 554 728 quaesito
575 665 675 710 autern
696 672 769 730 opus
790 650 837 722 sit,
853 653 921 729 quis
941 673 1070 730 unquam
1091 656 1168 714 hunc

217 765 287 804 vers
301 746 411 804 dixerit
425 745 568 806 divitemi
609 752 655 806 47.
673 747 715 804 Et
731 748 811 805 euim
826 746 995 806 divitiarum
1007 749 1120 808 fructus
1137 751 1168 810 in

216 841 319 918 copis:
338 841 455 918 copiam
470 853 570 900 autem
582 840 712 912 declarat
727 842 845 900 satietas
859 858 960 902 rerum
971 855 1058 920 atque
1074 846 1165 907 abun·

215 934 333 994 dantis:
356 955 445 1013 quam
461 949 494 994 tu
512 937 649 1014 quoniam
667 957 816 1015 nunquam
834 959 1001 1019 assequere,
1015 961 1166 1018 nunquam

214 1031 334 1091 omirino
354 1053 386 1090 es
407 1033 524 1092 futurus
545 1033 636 1092 dives.
678 1034 780 1094 Meam
801 1049 899 1094 autem
917 1037 1056 1113 quonism
1076 1023 1166 1114 pecu·
1232 1037 1235 1044 ’

213 1125 294 1184 niam
317 1128 489 1198 contemnis,
505 1141 534 1186 et
555 1141 636 1188 recte
647 1130 719 1207 ¹(est
741 1130 819 1188 enim
842 1130 879 1190 ad
897 1131 978 1209 vulgi
996 1131 1166 1210 opinionem

213 1222 392 1296 mediocris;
419 1223 455 1282 sd
473 1236 563 1294 tuam,
580 1226 679 1296 nulla;
704 1226 742 1284 'ad
759 1246 865 1298 meam,
883 1226 1031 1305 modica);
1057 1227 1095 1286 de
1116 1248 1165 1286 ma

213 1317 327 1397 silebo:
349 1319 388 1378 de
404 1339 438 1378 re
452 1319 563 1396 icquar.
605 1325 651 1380 48.
670 1320 703 1379 Si
721 1320 870 1380 censenda
885 1321 970 1379 nobis
987 1335 1073 1400 atque
1090 1322 1164 1382 aesti·

215 1414 325 1478 manda
338 1435 387 1472 nes
400 1415 448 1484 sit,
459 1428 556 1474 utrum
569 1415 690 1474 tandem
703 1416 798 1494 pluria
812 1417 993 1475 aestimemus
1006 1419 1165 1496 pecuniam

214 1507 332 1584 Pyrrhi,
350 1529 440 1586 quam
458 1509 598 1568 Fabricio
619 1511 717 1580 dabat,
736 1531 774 1569 an
795 1511 1005 1570 continentiam
1022 1513 1163 1583 Fabricii,

127 1653 131 1664 .
213 1599 264 1680 q'ui
275 1603 355 1680 illam
369 1605 528 1682 pecuniam
542 1605 738 1685 repudiabat?
756 1617 853 1664 utrum
868 1625 974 1664 aurum
987 1605 1164 1678 Samnitum,

110 1738 119 1755 ,
178 1767 182 1778 ὁ
214 1718 251 1757 an
271 1719 444 1778 remensum
462 1701 628 1760 M’.curiit
649 1700 845 1760 hereditatem
864 1701 899 1758 L.
910 1701 1017 1769 Paulli,
1035 1719 1072 1760 an
1091 1703 1163 1760 libs·

156 1793 159 1798 ’
213 1793 360 1852 relitatem
376 1795 522 1867 Africani,
540 1796 590 1874 qui
608 1797 672 1876 ejus
688 1783 1059 1868 hereditafflsx‘iino
1080 1799 1164 1858 fratri

213 1903 330 1968 partem
351 1893 435 1950 suam
456 1893 620 1952 concessiti
660 1893 738 1952 Haec
754 1891 895 1971 profecto,
912 1913 979 1971 quse
1000 1908 1067 1953 sunt
1086 1914 1164 1952 sum·

214 1993 331 2044 marum
347 1987 497 2058 virtutum,
513 1987 614 2068 pluris
626 1987 801 2047 aestimanda
821 1999 897 2059 sunt,
912 2009 1003 2067 quam
1019 1988 1081 2060 illa,
1098 2011 1164 2067 qum

215 2093 281 2140 sunt
302 2083 446 2162 pecuniae.¹
488 2083 565 2155 Quis
582 2083 672 2162 igitur
690 2083 726 2161 (si
744 2083 874 2162 quidem,
889 2095 921 2142 ut
938 2085 1072 2162 quisque,
1086 2083 1165 2163 quod

215 2177 338 2257 plurimi
354 2179 401 2249 sit,
412 2179 573 2258 possideat,
584 2179 625 2237 its
635 2179 797 2238 ditissimus
810 2179 963 2238 habendus
977 2180 1027 2258 sit)
1039 2181 1164 2250 dubitet,

217 2273 286 2352 quin
297 2275 328 2333 in
339 2276 447 2334 virtute
458 2273 567 2333 divitiae
581 2274 658 2332 sinti
675 2274 815 2352 quoniam
825 2277 906 2334 nulla
917 2276 1073 2353 possessio,
1083 2277 1165 2334 nulla

217 2371 261 2429 vis
276 2372 341 2430 auri
355 2383 384 2429 et
396 2369 522 2449 argenti,
535 2370 638 2448 pluris,
654 2370 858 2446 quamyirtus,
874 2369 1048 2428 aestimanda
1061 2383 1114 2428 est.

161 2594 163 2598 ·
257 2561 316 2619 111.
344 2566 392 2620 49.
405 2561 441 2620 0
461 2561 502 2620 dii
522 2561 717 2619 immortales!
747 2579 807 2618 uon
832 2559 1000 2637 intelligunt
1020 2560 1164 2632 homines,

217 2675 305 2734 quam
320 2677 458 2735 magnum
471 2655 598 2735 vectigal
612 2656 649 2714 sit
661 2654 855 2734 parsimonia,
890 2654 991 2712 Venio
1008 2655 1087 2713 enim
1100 2656 1165 2734 jam

217 2751 254 2810 nd
270 2765 448 2812 sumtuoscsr
465 2753 601 2831 relinquo
614 2751 702 2808 istum
714 2762 922 2828 quaestuosum.
963 2749 1053 2828 Capit
1064 2749 1114 2808 ille
1125 2771 1165 2810 ex

218 2847 277 2906 suis
291 2848 411 2926 praediis
428 2867 559 2910 sexcena
577 2845 726 2916 eratenim
744 2864 803 2922 ego
817 2857 941 2902 centens
954 2865 993 2904 ex
1007 2845 1095 2904 meis:
1112 2845 1164 2915 illi,

220 2956 323 3002 aurate
339 2937 417 3002 tecta
433 2944 464 3013 in
480 2942 557 3000 viliis
574 2953 604 3000 et
621 2942 682 2999 sola
697 2954 864 2999 marmorea
880 2939 1007 3009 facienti,
1023 2951 1053 2998 et
1070 2939 1165 3018 signa,

219 3041 341 3112 tabulas,
362 3038 588 3117 supellectilem,
610 3048 641 3094 et
663 3047 774 3095 vestem
797 3035 909 3094 infinite
934 3035 1165 3114 concupiscenti,

220 3157 280 3196 non
295 3135 432 3196 modoad
446 3146 574 3192 sumtum
589 3131 642 3193 iile
655 3143 701 3190 est
712 3131 832 3199 fructus,
847 3130 901 3188 sed
917 3129 1007 3188 etiam
1023 3130 1059 3189 ad
1070 3131 1165 3202 fenus,

221 3234 355 3312 exiguus.
394 3231 444 3288 Ex
461 3247 528 3287 meo
542 3227 623 3287 tenui
638 3226 786 3304 vectigali,
801 3225 938 3285 detractis
954 3227 1099 3284 sumtibus
1117 3247 1173 3285 cu¹⁴

220 3329 357 3410 piditatis,
372 3323 480 3403 aliquid
499 3324 588 3382 etiam
604 3321 792 3380 redundabit.
832 3321 911 3378 Uter
927 3320 1018 3398 igitur
1035 3335 1080 3380 est
1095 3322 1166 3379 divi·

221 3427 287 3496 tior,
302 3423 349 3484 cui
359 3422 452 3492 deest,
468 3440 505 3479 an
520 3420 567 3478 cui
580 3419 723 3497 superati
741 3417 792 3495 qui
805 3429 882 3495 eget,
898 3435 935 3474 an
949 3417 1001 3494 qui
1015 3417 1166 3476 abundati

222 3524 305 3602 cujus
320 3516 534 3600 possessioque
547 3526 593 3574 est
607 3513 709 3592 major,
721 3529 758 3572 eo
772 3514 837 3592 plus
850 3512 976 3589 requirit
990 3511 1028 3569 ad
1038 3523 1071 3570 se
1086 3525 1166 3570 tuen·

221 3619 308 3678 dam:
325 3637 362 3675 an
376 3628 442 3693 quae
456 3611 517 3672 suis
531 3631 564 3669 se
577 3610 689 3668 ritibus
702 3608 847 3668 sustineti
888 3612 936 3678 50,
955 3606 1016 3664 Sed
1028 3606 1098 3682 quid
1110 3626 1168 3682 ego

223 3716 262 3777 de
277 3735 325 3774 me
335 3715 448 3789 loquor,
463 3706 515 3784 qui
529 3725 645 3764 morum
662 3725 697 3763 ac
714 3717 880 3782 temporum
897 3702 968 3759 vitio
986 3700 1167 3777 aliquantum

224 3813 313 3876 etiam
333 3809 397 3889 ipse
416 3803 540 3864 &messe
556 3801 587 3858 in
603 3801 692 3878 hujus
714 3798 815 3870 saeculi
836 3815 935 3854 errore
953 3795 1074 3853 verseri
1115 3793 1168 3853 Μ’.

403 4142 1004 4450 asa
