2698 4508
196 466 238 526 te
540 479 573 522 n.
586 479 615 520 r.
632 476 795 522 oteramus

194 612 295 690 magni
311 610 374 679 viri,
392 609 551 686 quidquam
573 609 653 670 eliud
670 609 853 688 propositum
873 607 966 668 fuisse
984 607 1141 667 videaturl

195 707 273 777 Qum
297 725 345 764 res
369 704 406 764 ad
428 724 534 764 necem
555 705 717 766 Porsennae
735 704 770 762 Ο.
783 703 917 762 Mucium
937 702 1064 781 impulit,
1077 702 1141 760 sine

193 803 254 858 ulla
273 820 326 877 spe
346 799 447 858 salutis
466 800 551 858 suael
592 799 671 870 Quae
688 799 732 857 vis
750 798 897 858 Coclitem
919 803 1019 856 contra
1038 816 1141 855 omnes

191 894 318 952 bostium
336 894 435 972 copies
455 895 551 954 tenuit
567 894 597 952 in
613 907 704 973 ponte
726 895 843 954 solumi
865 915 930 972 quae
948 906 1063 971 patrem
1081 891 1141 949 De·

191 989 278 1058 cium,
293 1010 360 1066 quae
375 989 468 1048 filium
483 989 641 1059 devotavit,
656 973 879 1067 atqueffinisit
892 990 922 1047 in
937 1001 1063 1046 armatas
1077 988 1142 1045 hos·

190 1082 263 1140 tium
277 1084 398 1164 copiasl
439 1085 525 1157 Quid
539 1085 719 1146 continentia
733 1086 769 1144 O.
777 1085 918 1155 Fabricii,
930 1083 1001 1161 quid
1015 1083 1142 1142 tenuitas

190 1177 284 1236 victus
300 1179 359 1248 ¹M'.
371 1179 457 1238 Curii
480 1181 684 1258 sequebaturl
733 1179 817 1252 Quid
839 1180 899 1238 duo
922 1168 1143 1258 propugnacula

190 1273 263 1332 belli
285 1275 402 1344 Punici,
420 1276 476 1334 On.
495 1289 525 1334 at
546 1277 582 1337 P.
598 1276 763 1355 Scipiones,
781 1275 832 1353 qui
852 1273 1142 1352 Carthaginiensium

192 1369 353 1431 adventurn
377 1372 552 1450 corporibus
575 1371 636 1429 suis
660 1369 919 1430 intercludendum
943 1369 1141 1446 putaverunt?

97 1509 100 1515 -
191 1466 262 1542 quid
280 1467 437 1524 Africanus
462 1466 575 1543 majori
603 1464 674 1541 quid
698 1464 816 1520 minori
843 1463 913 1538 quid
932 1463 1010 1538 inter
1033 1464 1140 1520 horum

190 1571 290 1618 aetates
314 1560 486 1636 interjectus
509 1558 604 1615 Catol
634 1556 706 1632 quid
727 1555 957 1614 innumerabiles
972 1557 1041 1615 aliil
1057 1557 1137 1631 (nam

189 1652 356 1710 domesticis
377 1651 522 1728 exemplis
543 1649 738 1724 abundamus)
760 1649 913 1725 cogitasse,
928 1649 1089 1726 quidquam
1105 1650 1137 1708 in

188 1747 247 1805 vita
260 1747 315 1804 sibi
329 1745 541 1823 expetendum,
556 1743 611 1801 nisi
624 1743 704 1820 quod
715 1743 865 1802 laudabile
880 1757 959 1804 esset
971 1757 1002 1803 et
1016 1747 1136 1823 praecla·

189 1862 262 1911 rum,
276 1840 432 1898 videnturl

227 2029 285 2090 ΙΙΙ.
309 2037 354 2090 13.
370 2030 501 2088 Veniant
515 2029 604 2108 igitur
616 2029 666 2088 isti
680 2030 814 2089 irrisores
827 2031 917 2110 hujus
938 2032 1085 2103 orationis,
1101 2053 1135 2092 ac

187 2127 359 2202 sententiae3
379 2140 408 2184 et
419 2127 484 2205 jam
498 2128 546 2184 vel
560 2126 618 2204 ipsi
630 2127 776 2206 judicent,
791 2141 891 2188 utrum
907 2149 939 2188 se
955 2130 1062 2190 horum
1082 2131 1135 2188 ali-

98 2245 101 2256 *
187 2224 280 2302 cujus,
291 2223 342 2300 qui
356 2223 529 2282 marmoreis
542 2223 634 2292 tectis,
647 2224 738 2283 ebore
753 2238 783 2283 et
797 2245 870 2283 auro
883 2223 1074 2304 fulgentibus,
1086 2226 1136 2303 qui

185 2318 287 2398 signis,
305 2319 356 2396 qui
379 2319 496 2388 tabulis,
513 2319 563 2395 qui
586 2321 691 2378 caelato
713 2340 786 2378 auro
808 2334 838 2378 et
859 2335 992 2398 argento,
1009 2325 1060 2398 qui
1078 2323 1135 2380 Oo-
1190 2341 1192 2346 ·

185 2414 298 2472 rinthiis
312 2415 450 2492 operibus
464 2414 621 2484 abundant,
633 2435 671 2472 an
682 2415 718 2473 Ο.
727 2414 867 2484 Fabricii,
879 2416 929 2492 qui
943 2415 1014 2472 nihil
1030 2436 1133 2476 eorum

170 2509 296 2579 babuit,
305 2511 494 2569 nihilhabere
502 2511 604 2580 voluit,
613 2510 721 2568 similes
733 2531 797 2568 esse
808 2511 930 2570 malintl
973 2516 1019 2570 14.
1033 2513 1133 2588 Atque

184 2607 248 2664 haec
270 2605 400 2682 quidem,
416 2627 483 2684 quae
507 2605 596 2664 modo
616 2607 684 2676 huc,
706 2604 795 2664 modo
816 2606 886 2664 illuc
910 2605 1132 2676 transferuntur,

151 2717 161 2726 ·
183 2702 270 2760 facile
288 2701 397 2760 adduci
411 2703 514 2772 solent,
529 2701 605 2760 utin
620 2702 709 2760 rebus
722 2701 809 2760 bonis
827 2722 893 2762 esse
906 2713 1034 2780 negent:
1057 2702 1133 2762 illud

184 2810 263 2856 arcte
275 2809 384 2867 tenent,
394 2809 590 2874 accurateque
599 2796 772 2866 defendunt,
781 2799 963 2875 voluptatem
976 2817 1042 2858 esse
1054 2819 1132 2856 sum-

183 2909 265 2951 mum
281 2893 399 2950 bonum.
440 2892 520 2964 Quae
537 2892 658 2968 quidem
679 2891 750 2950 mihi
766 2911 825 2950 vox
845 2893 994 2971 pecudum
1015 2893 1134 2952 videtur

182 3007 258 3057 esse,
267 3007 325 3045 non
335 2987 495 3046 hominum.
538 2987 595 3056 Tu,
605 2999 697 3064 mium
710 2987 765 3045 tibi
777 2987 838 3046 sive
848 2988 943 3059 Deus,
955 2989 1016 3047 sive
1028 3001 1131 3060 mater,

183 3096 216 3141 ut
228 3084 270 3141 ita
284 3083 388 3152 dicam,
399 3103 500 3142 rerum
515 3083 655 3153 omnium,
666 3095 779 3153 natura,
791 3081 908 3142 dederit
922 3084 1061 3154 animum,
1073 3106 1132 3162 quo

181 3179 254 3236 nihil
270 3179 522 3257 estpraestantius
542 3199 640 3256 neque
658 3178 794 3246 divinius,
812 3179 855 3237 sic
874 3181 986 3258 teipsa
1008 3181 1131 3258 abjicies

182 3286 268 3350 atque
292 3287 472 3351 prosternes,
489 3286 522 3332 ut
545 3274 618 3332 nihil
639 3274 718 3332 inter
739 3287 769 3332 te
794 3287 883 3350 atque
905 3275 1130 3354 quadrupedem

181 3367 307 3444 aliquam
321 3381 409 3446 putes
423 3369 590 3428 interesse‘l
631 3369 844 3446 Quidquamne
857 3369 969 3430 bonum
984 3384 1036 3441 est,
1052 3371 1130 3449 quod

179 3482 237 3520 non
259 3483 336 3532 eum,
352 3463 402 3541 qui
416 3463 447 3522 id
462 3464 602 3543 possidet,
621 3464 775 3522 meliorem
792 3465 883 3524 facit‘l
925 3471 971 3524 15.
988 3467 1031 3532 Ut
1051 3467 1129 3526 enim

179 3558 304 3635 quisque
318 3572 363 3618 est
379 3560 509 3618 maxime
523 3561 593 3619 boni
607 3559 766 3638 particeps,
779 3561 821 3620 ita
835 3573 865 3619 et
877 3559 1033 3620 laudabilis
1049 3581 1128 3620 max-

178 3652 253 3712 ime:
270 3673 368 3731 neque
383 3668 429 3714 est
441 3657 535 3714 ullum
546 3657 665 3726 bonum,
676 3655 712 3714 de
724 3677 784 3734 quo
797 3677 856 3716 non
867 3657 900 3728 is,
909 3657 960 3735 qui
970 3657 999 3716 id
1010 3658 1126 3724 habeat,

178 3748 301 3808 honeste
314 3751 406 3829 possit
423 3752 566 3828 gloriari·
591 3752 674 3824 Quid
690 3743 791 3811 autem
805 3766 849 3812 est
862 3754 967 3812 horum
981 3752 1011 3808 in
1025 3752 1127 3827 volup-

179 3845 261 3906 tatei
301 3846 497 3907 Melioremna
518 3845 608 3906 efficit
629 3859 680 3906 aut
699 3847 924 3908 laudabiliorem
944 3843 1059 3905 viruml
1088 3863 1125 3904 au
