2664 4508
363 457 435 500 srva
452 456 493 500 nn
512 457 781 502 sutorem-car.
798 459 918 512 vt.,v11.
1018 479 1021 484 ,
1079 449 1121 508 48

164 589 255 648 rimas
270 587 420 648 continet:
438 608 556 666 quoquo
569 601 600 647 te
610 589 745 660 verteris,
756 603 867 668 praesto
881 604 944 661 eet;
962 594 1044 651 nullo
1052 594 1120 656 loco

164 685 352 754 excluditur;
369 703 522 761 nunquam
536 684 751 763 intempestiva,
763 706 916 763 nunquam
930 690 1053 748 molesta
1066 703 1119 760 est,

169 780 271 858 itaque
285 799 343 837 non
358 797 447 856 aqua,
457 799 518 836 non
532 778 603 857 igni,
612 793 646 838 nt
660 780 750 849 aiunt,
762 781 898 858 pluribus
910 783 982 841 locis
996 784 1117 855 utimur,

163 893 255 952 quam
273 874 410 955 amicitia.
451 874 562 951 Neque
579 894 637 952 ego
653 895 733 934 nunc
747 876 786 934 de
800 877 923 954 vulgari,
938 891 989 935 aut
1002 877 1039 936 de
1057 899 1117 937 me·

164 967 256 1029 dioeri
277 972 359 1048 (quae
383 981 480 1026 tamen
499 967 565 1046 ipss
589 981 620 1028 et
640 969 778 1040 delectat,
795 983 827 1029 et
847 971 990 1050 prodest),
1007 973 1061 1030 sed
1079 973 1117 1032 de

162 1081 233 1122 vera
255 1075 286 1122 et
306 1063 440 1142 perlecta
460 1063 575 1140 loquor,
592 1064 686 1141 qualis
711 1085 823 1132 eorum,
841 1066 894 1143 qui
914 1067 1002 1144 pauci
1023 1069 1117 1126 nomi·

161 1171 277 1228 nantur,
288 1159 352 1217 fuit.
393 1158 473 1216 Nam
485 1170 514 1216 et
524 1157 669 1217 secundas
679 1179 726 1218 res
736 1160 951 1238 splendidiores
963 1162 1035 1221 lacit
1045 1164 1115 1222 ami·

162 1251 241 1321 citis,
255 1266 286 1312 et
300 1252 436 1312 adversas
449 1252 582 1332 partiens
596 1255 879 1332 communicansque
893 1256 1029 1316 leviores.

206 1443 277 1502 VII.
298 1448 346 1502 23.
364 1443 503 1521 Cumque
518 1442 663 1520 plurimas
681 1454 711 1500 et
728 1443 872 1504 maximas
890 1446 1114 1506 commoditates
1144 1481 1153 1490 ·

161 1537 290 1598 amicitis
300 1538 457 1607 contineat,
467 1551 530 1596 tum
538 1538 590 1596 illa
600 1538 737 1597 nimirum
749 1550 868 1616 praestat
878 1541 1025 1610 omnibus,
1034 1542 1115 1619 quod

160 1639 269 1696 bonam
284 1657 368 1715 spem
383 1639 526 1717 praelucet
539 1637 569 1695 iu
584 1649 749 1716 posterum,
759 1657 815 1694 nec
829 1635 978 1697 debflitari
992 1640 1114 1711 animos,

161 1744 213 1790 aut
233 1732 340 1792 cadere
357 1733 474 1811 patitur.
515 1733 632 1790 Verum
654 1733 746 1791 etiam
766 1733 895 1791 amicum
912 1734 963 1811 qui
977 1735 1115 1806 intuetur,

160 1840 311 1905 tamquam
336 1829 490 1907 exemplar
512 1826 634 1905 aliquod
649 1827 786 1894 intuetur
809 1828 867 1886 sui.
907 1829 1060 1900 Quocirca
1084 1843 1116 1890 et

160 1923 299 1982 absentes
315 1922 431 1992 adsunt,
447 1935 476 1980 et
493 1934 617 2000 egentes
634 1921 792 1994 abundant,
807 1936 838 1982 at
851 1922 993 1982 imbecilli
1007 1927 1115 1996 valent,

162 2030 201 2086 et,
219 2017 302 2094 qnod
319 2017 469 2075 difficilius
489 2017 571 2075 dictu
583 2029 647 2088 -est,
665 2015 775 2076 niortui
792 2018 912 2077 vivum:
942 2032 1041 2078 tantus
1062 2041 1115 2082 eos

159 2113 264 2183 honos,
278 2112 432 2180 memoria,
446 2110 627 2170 desiderium
645 2114 832 2190 prosequitur
852 2114 1023 2174 amicorum.
1064 2115 1115 2176 Ex

160 2228 220 2285 quo
237 2208 356 2267 illorum
373 2206 461 2267 besta
481 2227 560 2265 mors
580 2207 708 2277 videtur,
742 2209 847 2266 horum
868 2209 929 2265 vita
949 2209 1116 2270 laudabilis.

161 2303 255 2375 Quod
264 2304 290 2362 si
301 2302 451 2362 exemeris
465 2323 504 2361 ex
514 2322 614 2360 rerum
629 2315 734 2361 natura
743 2301 959 2360 benevolentiae
973 2303 1115 2380 conjunc·

21 2401 24 2414 '
111 2469 113 2474 Ι
161 2399 282 2469 tionem,
298 2418 355 2457 nee
372 2396 478 2456 domus
496 2399 564 2467 ulla,
578 2417 636 2458 nec
655 2398 726 2456 urbs
744 2409 823 2456 stare
844 2396 968 2475 poterim
992 2417 1031 2454 ne
1050 2399 1116 2476 agri

162 2494 283 2571 quidem
292 2496 388 2553 cultus
396 2492 591 2571 permanebit.
620 2491 990 2568 Idsiminusintelligitur3
1006 2504 1117 2569 quanta

161 2588 206 2646 vis
220 2589 356 2648 amicitiae
368 2587 596 2664 concordiaeque
610 2587 657 2657 sit,
668 2607 707 2645 ex
718 2586 948 2646 dissensionibus
959 2599 1049 2664 atque
1060 2587 1117 2647 dis·

161 2682 269 2742 cordiis
290 2682 404 2762 percipi
426 2694 533 2761 potest.
574 2682 655 2754 Quas
680 2682 760 2740 enim
782 2681 887 2740 domus
910 2694 970 2740 tam
994 2683 1116 2756 stabilis,

161 2790 311 2854 questam
328 2777 413 2836 firme
433 2777 538 2836 civitas
552 2789 605 2847 est,
619 2797 685 2854 ques
705 2796 765 2835 non
787 2776 861 2834 odiis
879 2789 967 2854 atque
984 2778 1116 2838 dissidiis
1197 2833 1202 2846 ,

160 2873 294 2932 funditus
310 2873 403 2952 possit
418 2873 533 2933 evertil
555 2893 595 2931 ex
612 2892 681 2950 quo,
695 2885 839 2950 quantum
854 2873 925 2931 boni
941 2872 979 2932 sit
996 2873 1026 2931 in
1044 2875 1117 2933 ami·

161 2968 240 3038 sitia,
251 2968 381 3048 judicari
396 2980 502 3047 potest.
543 2973 592 3026 24.
608 2967 839 3046 Agrigentinum
854 2966 986 3044 quidem,
996 2967 1117 3027 doctum

160 3066 308 3142 quendam
328 3065 437 3134 virum,
454 3064 635 3122 carminibus
652 3063 768 3122 Graecis
787 3062 978 3121 vaticinatum
997 3062 1114 3121 serunt:

161 3180 228 3236 quae
241 3160 273 3218 in
290 3180 391 3218 rerum
410 3173 517 3218 natura
534 3171 654 3237 totoque
668 3158 782 3218 mundo
796 3168 973 3227 constarent,
987 3177 1115 3235 qumque

160 3269 363 3326 moverentur,
382 3276 419 3314 ea
447 3256 621 3314 contrahere
650 3253 821 3323 amicitiam,
839 3253 984 3332 dissipare
1006 3251 1115 3309 discor·
1187 3245 1189 3250 ’

160 3349 249 3409 diem.
289 3353 392 3428 Atque
404 3352 462 3410 boo
476 3350 599 3427 quidem
614 3369 717 3410 omnes
734 3349 873 3408 mortales
890 3361 919 3406 et
937 3347 1114 3422 intelligunt,

160 3459 191 3505 et
203 3465 237 3503 re
252 3447 388 3524 probant.
428 3445 544 3522 Itaque,
554 3444 711 3522 siquando
725 3443 844 3520 aliquod
858 3441 987 3502 officium
1002 3440 1115 3498 exstitit

160 3540 249 3599 amici
263 3541 294 3598 in
309 3541 450 3619 periculis
470 3553 521 3599 aut
539 3540 694 3610 adeundis,
710 3550 761 3598 eut
774 3534 1034 3604 communicandis,
1047 3535 1115 3612 quis

160 3648 213 3704 est,
228 3636 279 3712 qui
294 3636 325 3696 id
339 3657 400 3694 non
419 3635 555 3694 maximis
575 3636 677 3696 efferat
689 3632 850 3693 laudibusl
891 3629 956 3702 Qui
969 3631 1115 3692 clamores

161 3743 225 3790 tota
238 3750 329 3791 cavea
342 3751 437 3810 nuper
449 3731 481 3789 in
493 3730 618 3810 hospitis
631 3743 663 3793 et
676 3728 764 3790 amici
777 3726 839 3786 mei
851 3725 893 3784 M.
902 3724 1028 3784 Pacuvii
1039 3745 1116 3787 nove

160 3824 279 3886 fabula!
305 3845 383 3896 cum,
398 3825 553 3906 ignorante
576 3845 657 3902 rege,
671 3836 739 3884 uter
762 3841 865 3882 eorum
888 3831 967 3882 esset
983 3819 1115 3891 Orestes,
