2698 4508
433 468 632 518 rnnnnoxon,
647 465 805 506 ιιι-σεε.
819 465 897 514 1.,11.
1105 449 1146 506 to

180 609 277 660 ,certe
298 597 368 656 licet
388 595 522 656 nemini..
557 595 650 666 Quod
667 608 767 652 autem
786 594 943 661 nonlicet,
961 594 992 651 id
1010 595 1067 654 hoc
1087 615 1146 654 uuo

195 704 321 759 tenetur,
333 690 358 748 si
369 690 503 767 arguitur
516 710 575 747 non
586 690 686 748 licere.
727 688 762 746 Id
773 689 798 746 si
808 708 864 746 nec
874 690 970 767 majus
983 709 1039 747 nec
1050 691 1146 748 minus

195 806 327 862 uuquam
344 785 407 842 lieri
423 797 522 863 potest
536 785 689 866 (quoniam
706 785 736 842 in
754 803 790 842 eo
807 796 852 847 est
869 797 1033 863 peccatum,
1048 785 1147 844 sinon

196 881 296 952 licuit3
316 880 395 958 quod
406 900 525 959 semper
540 900 631 939 unum
642 894 672 938 et
683 879 763 940 idem
769 878 836 956 est)
848 901 914 956 quae
926 900 965 938 ex
976 899 1012 942 eo
1023 893 1148 958 peccata

195 986 362 1040 nascuntur,
383 973 509 1048 aequalia
536 973 594 1031 sint
617 985 742 1051 oportet.
794 977 842 1030 21.
864 971 957 1042 Quod
977 972 1002 1028 si
1024 971 1147 1030 virtutes

196 1087 283 1146 pares
303 1079 376 1126 sunt
394 1067 471 1124 inter
494 1087 536 1136 se,
554 1067 637 1144 paria
660 1087 726 1124 esse
746 1066 835 1124 etiem
857 1066 926 1122 vitia
949 1085 1069 1124 necesse
1093 1078 1147 1124 est.

196 1162 290 1240 Atqui
306 1182 393 1240 pares
418 1181 483 1220 esse
503 1161 636 1229 virtutes,
653 1180 709 1218 nec
725 1160 804 1218 bono
825 1159 888 1218 viro
912 1160 1076 1230 meliorem,
1093 1181 1148 1220 nec

197 1269 382 1335 temperante
395 1255 667 1336 temperantiorem,
681 1275 739 1313 nec
754 1255 820 1312 forti
830 1254 992 1324 fortiorem,
1003 1275 1060 1312 nec
1073 1256 1148 1332 sapi·

197 1365 265 1410 ente
288 1351 498 1430 sapientiorem
525 1337 611 1429 posse
632 1351 706 1418 fieri,
723 1350 866 1408 facillime
891 1361 990 1428 potest
1009 1349 1148 1427 perspici.

197 1448 247 1506 An
264 1446 361 1506 virum
378 1447 490 1504 bonum
506 1447 597 1515 dices,
613 1446 664 1523 qui
679 1445 846 1523 depositum
863 1445 944 1502 nullo
960 1456 1043 1515 teste,
1058 1465 1149 1521 quum

199 1542 307 1600 lucrari
324 1541 446 1619 impune
468 1555 567 1620 posset
590 1541 655 1600 ouri
678 1540 777 1618 pondo
801 1541 915 1609 decem,
933 1540 1106 1609 reddiderit,
1124 1541 1150 1597 si

198 1635 279 1694 idem
290 1636 320 1693 in
331 1637 435 1695 decem
450 1637 577 1695 millibus
590 1635 690 1715 pondo
704 1657 763 1694 non
777 1635 858 1694 idem
868 1635 993 1694 fecerit?
1015 1647 1064 1692 aut
1076 1647 1149 1693 tem·

199 1745 350 1812 petentem
374 1754 452 1803 eum,
470 1734 520 1810 qui
540 1753 572 1792 se
593 1733 622 1790 in
647 1733 747 1810 eliqua
770 1731 892 1790 libidine
917 1730 1100 1799 continuerit,
1118 1731 1150 1788 in

200 1828 298 1905 aliqua
312 1822 470 1886 effuderitl
511 1833 558 1886 22.
576 1829 645 1886 Une
660 1829 751 1886 virtus
766 1839 810 1884 est
825 1827 1009 1884 consentiens
1025 1845 1092 1886 cum
1105 1845 1149 1883 ra-

199 1923 280 1980 tione
294 1934 325 1980 et
338 1936 485 2002 perpetua
498 1922 671 1981 constantie.
713 1922 797 1980 Nihil
808 1922 875 1980 huic
890 1921 960 1980 eddi
974 1933 1079 1999 potest,
1091 1941 1151 1999 quo

149 2025 151 2034 ’
199 2018 294 2094 magis
304 2017 395 2075 virtus
410 2017 462 2076 sit:
480 2017 552 2073 nihil
563 2016 654 2085 demi,
665 2029 697 2074 ut
707 2017 821 2075 virtutis
835 2037 945 2075 nomen
958 2018 1150 2094 relinquatur.

142 2125 144 2130 '
199 2112 322 2172 Etenim
334 2111 359 2169 si
367 2113 444 2169 bene
454 2110 533 2170 facte
542 2123 623 2168 recte
634 2110 711 2167 facts
724 2122 800 2179 sunt,
811 2122 841 2168 et
850 2111 923 2168 nihil
934 2123 1015 2168 recto
1026 2111 1150 2170 rectius:

200 2219 282 2266 certe
303 2227 342 2264 ne
359 2207 438 2264 bono
459 2203 588 2280 quidem·
599 2203 706 2260 melius
727 2202 884 2279 quidquam
901 2200 1029 2261 inveniri
1046 2217 1151 2282 potest.

201 2300 344 2378 Sequitur
361 2299 460 2378 igitur,
475 2311 508 2355 ut
524 2297 614 2355 etiam
627 2297 700 2356 vitia
715 2297 773 2354 sint
790 2297 887 2374 paria:
909 2297 934 2354 si
949 2297 1069 2373 quidem
1085 2318 1151 2374 pre-

201 2389 307 2454 vitates
325 2393 414 2452 animi
431 2404 512 2452 recte
530 2392 599 2451 vitiu
614 2392 761 2450 dicuntur.
802 2391 896 2468 Atqui
910 2391 1049 2468 quoniam
1066 2410 1153 2468 pares

202 2493 325 2550 virtutes
346 2501 430 2558 suut;
454 2499 536 2546 recte
556 2489 642 2558 facta,
664 2488 805 2566 quoniam
824 2506 843 2544 e
862 2486 1017 2545 virtutibus
1038 2486 1152 2564 profici-

204 2575 333 2658 scuntur,
347 2583 431 2662 paria
444 2603 509 2645 esse
524 2583 649 2644 debent:
668 2583 799 2658 itemque
813 2593 946 2660 peccate,
961 2581 1100 2657 quoniam
1114 2598 1154 2638 ex

203 2679 280 2738 vitiis
294 2691 419 2749 manant,
434 2679 492 2737 sint
505 2678 631 2754 aequelia
644 2696 767 2748 necesse
782 2689 834 2735 est.

245 2870 285 2928 Il.
302 2875 350 2926 23.
365 2871 393 2926 A
401 2853 591 2942 philosophis,
602 2867 707 2943 inquit,
718 2870 775 2924 ista
785 2847 882 2925 sumis.
913 2866 1107 2937 Metuebem,
1116 2887 1154 2924 ne
1218 2899 1224 2911 ·

206 2963 389 3022 aleuonibus
400 2961 524 3020 diceres.
558 2961 688 3020 Socrates
699 2960 868 3036 disputabat
877 2961 932 3018 isto
946 2961 1039 3019 modo.
1071 2962 1155 3018 Bene
1227 2958 1244 3030 ζ·

205 3059 326 3116 hercule
345 3077 454 3118 narras.
495 3055 576 3115 Num
592 3056 681 3114 istum
699 3054 816 3113 doctum
833 3067 863 3112 et
879 3055 1044 3132 sapientem
1061 3055 1156 3112 virum
1183 3078 1185 3082 ·
1226 3035 1239 3064 ἶ

206 3153 307 3223 fuisse,
324 3151 475 3210 memoriae
496 3151 634 3223 traditum
656 3162 709 3208 est.
751 3149 813 3208 Sed
829 3161 929 3208 tomen
946 3167 1047 3226 quaero
1068 3167 1106 3204 ex
1126 3159 1155 3204 te

207 3248 358 3324 (quoniam
366 3246 463 3304 verbis
474 3246 552 3305 inter
562 3265 614 3306 nos
624 3244 838 3312 contendimus,
847 3264 906 3305 uon
914 3242 1048 3322 pugnis),
1058 3254 1157 3299 utrum

206 3343 347 3400 debonis
368 3354 414 3400 est
435 3325 631 3418 quaerendum⁴
645 3329 725 3417 quid'
733 3339 826 3417 bajuli
845 3351 934 3415 atque
954 3336 1091 3415 operarii,
1111 3355 1156 3405 an,

207 3437 277 3514 quid
295 3436 431 3494 homines
447 3435 608 3494 doctissimi
626 3429 792 3494 senserinti
811 3433 976 3511 praesertim
993 3450 1086 3511 quum
1102 3429 1157 3488 hac

207 3531 354 3591 sententie
364 3553 422 3590 non
434 3532 522 3589 modo
531 3531 640 3599 verior,
652 3529 704 3587 sed
715 3548 753 3584 ne
764 3527 863 3584 utilior
873 3523 994 3602 quidem
1004 3525 1157 3583 homiuum

206 3627 273 3686 vitae
294 3627 419 3705 reperiri
435 3628 495 3684 ulla
511 3625 612 3703 possit.
653 3622 732 3693 Quae
750 3621 793 3678 vis
813 3632 858 3678 est
875 3619 963 3689 enim,
978 3639 1043 3696 qnae
1064 3619 1157 3697 magis

208 3736 306 3781 arceat
326 3723 461 3781 homines
484 3723 521 3779 ab
537 3717 725 3797 improbitate
746 3715 836 3784 omni,
852 3735 938 3791 quam
960 3714 985 3772 si
1006 3713 1157 3784 senserint,
1204 3747 1209 3758 ·

207 3819 321 3876 nullum
342 3818 372 3874 in
394 3817 508 3874 delictis
529 3835 594 3876 esse
616 3811 796 3872 discrimenl
819 3831 906 3888 aeque
926 3830 1052 3889 peccare
1073 3829 1116 3880 se,
1133 3809 1157 3868 si
