2698 4508
201 435 242 494 82
389 503 392 510 Ι
464 503 469 512 ἡ
543 448 802 492 auctenticum

201 602 266 640 ses:
294 593 355 652 tum
373 598 431 657 ego
449 579 599 658 accepisse
617 564 670 638 'me
688 579 844 638 confiterer
860 579 1007 658 injuriam.
1048 582 1110 642 Sed
1127 585 1149 642 si

200 674 264 734 hmc
279 695 334 734 nec
348 674 451 744 fecisti,
466 694 522 732 nee
535 675 633 733 facere
648 674 791 754 potuisti:
812 673 942 732 reditum
959 676 1030 734 mihi
1044 679 1151 756 glorio-

200 791 265 830 sum
276 770 443 849 injuriatus
454 769 612 839 dedit,non
624 771 737 828 exitum
747 765 957 830 calamitosum.
997 773 1082 850 Ergo
1094 795 1151 852 ego
1228 819 1235 836 ,

200 887 319 946 semper
332 867 421 937 civis;
440 881 470 926 et
484 879 547 925 tum
561 867 701 937 maxime,
712 886 805 944 quum
816 886 913 924 meam
927 868 1053 926 salutem
1067 890 1150 927 sena-

200 976 247 1022 tus
264 963 373 1022 exteris
389 963 569 1033 nationibus,
583 976 616 1020 ut
633 962 704 1021 civis
721 961 832 1040 optimi,
848 945 1089 1035 commendabat,
1110 979 1151 1035 tu,

199 1079 238 1116 ne
249 1079 326 1118 nuuc
337 1059 475 1136 quidem:
492 1057 549 1116 nisi
561 1057 637 1115 forte
649 1057 730 1115 idem
742 1051 809 1116 esse
818 1057 910 1116 hostis
923 1070 953 1116 et
967 1058 1036 1116 civis
1047 1071 1151 1138 potest.

199 1155 250 1213 An
264 1167 303 1212 tu·
310 1154 407 1212 civem
422 1155 460 1212 ab
470 1153 554 1212 hoste
567 1167 674 1211 natura
687 1172 724 1210 sc
736 1153 812 1222 loce,
822 1171 881 1210 nou
896 1153 993 1212 animo
1007 1152 1152 1232 factisque

199 1249 378 1328 distinguis?

239 1441 282 1499 ΙΙ.
300 1445 347 1498 30.
362 1425 485 1500 Caedem
496 1441 525 1497 in
537 1440 601 1498 foro
612 1439 720 1498 fecisti:
738 1439 857 1501 armatis
867 1438 1029 1498 latr'onibus
1040 1443 1153 1519 templa

199 1536 336 1594 tenuisti:
354 1536 535 1613 privatorum
550 1535 663 1602 domos,
674 1534 755 1592 sedes
766 1519 866 1591 sacras
879 1534 1045 1592 incendisti.
1087 1537 1152 1594 Cur

199 1631 289 1688 hostis
303 1631 474 1708 Spartacus,
489 1630 515 1688 si
529 1641 561 1686 tu
577 1629 670 1686 civisl
711 1627 802 1686 Potes
820 1641 919 1686 autem
937 1641 969 1686 tu
986 1649 1053 1688 esse
1070 1630 1150 1700 civis,

199 1739 421 1805 propterquem
431 1723 588 1802 aliquando
597 1723 699 1781 civitas
709 1743 767 1780 non
776 1723 849 1782 fuist
867 1725 1149 1784 etmetuonomine

199 1823 341 1900 appellas,
359 1840 451 1897 quum
472 1839 574 1877 omnes
595 1839 662 1876 meo
683 1819 814 1886 discessu
836 1820 989 1878 exsulasse
1010 1823 1150 1899 rempub·

198 1916 287 1974 licam
307 1915 432 1994 putentl
479 1915 690 1992 Nunquamne,
707 1915 797 1972 homo
818 1915 1075 1986 amantissimam
1097 1917 1151 1975 cir-

199 2010 374 2089 cumspicies
386 2011 397 2068 l
421 2029 581 2086 nunquam,
595 2028 650 2067 nec
668 2009 740 2086 quid
752 2009 854 2079 facias,
869 2010 1079 2081 considerabis,
1092 2032 1151 2072 nec

198 2105 271 2182 quid
284 2105 427 2182 loquarel
469 2104 584 2175 Nescis,
599 2105 739 2163 exsilium
760 2107 906 2164 scelerum
927 2125 992 2164 esse
1010 2109 1151 2184 poenaml

199 2221 301 2258 meum
318 2200 391 2260 illud
406 2201 464 2258 iter
481 2201 520 2258 ob
537 2199 778 2278 praeclarissimas
798 2221 847 2258 res
864 2221 882 2258 a
899 2221 947 2260 me
968 2215 1065 2279 gestas
1084 2223 1151 2261 esse

197 2296 392 2376 susceptum?
433 2300 480 2354 31.
496 2295 609 2354 Omnes
623 2295 759 2354 scelerati
774 2308 863 2374 atque
874 2296 968 2374 impii,
979 2317 1108 2378 quorum
1117 2311 1150 2382 tu

197 2405 228 2451 te
245 2393 354 2452 ducem
371 2412 436 2450 esse
453 2391 610 2470 profiteris,
626 2411 700 2468 quos
716 2393 800 2469 leges
820 2392 926 2450 exsilio
947 2392 1022 2450 affici
1039 2393 1149 2463 volunt,

134 2529 136 2536 ,
198 2490 318 2547 exsules
340 2501 419 2558 sunt,
437 2487 527 2544 etiam
552 2486 577 2543 si
598 2487 691 2545 solum
715 2506 773 2544 non
793 2487 945 2545 mutarint.
987 2489 1038 2544 An
1059 2509 1150 2564 quum

198 2603 301 2641 omnes
318 2585 402 2660 leges
419 2594 449 2640 te
464 2568 598 2640 exsulem
616 2602 681 2640 esse
694 2584 831 2662 jubeant,
845 2605 904 2641 non
921 2583 980 2642 eris
996 2596 1027 2642 tu
1042 2586 1149 2644 exsuli

197 2677 280 2736 Exul
294 2697 353 2734 non
372 2677 539 2755 appelletur
553 2677 586 2746 is,
601 2677 651 2754 qui
667 2698 736 2736 cum
749 2680 809 2736 telo
822 2678 933 2740 fueriti
973 2682 1053 2738 Ante
1068 2678 1150 2739 s'ena·

197 2783 260 2828 tum
281 2783 333 2828 tua
353 2770 413 2829 sica
431 2769 616 2848 deprehensa
637 2785 689 2830 est.
735 2774 799 2845 Qui
815 2774 966 2832 hominem
986 2774 1150 2835 occideritl

200 2865 247 2922 Tu
270 2866 413 2944 plurimos
434 2865 581 2926 occidisti..
615 2867 678 2939 Qui
695 2867 868 2927 incendium
889 2870 1013 2928 feceritl
1053 2871 1149 2930 AEdes

131 3005 136 3014 ,
198 2961 407 3038 Nympharum
432 2982 521 3020 manu
542 2975 594 3020 tua
611 2963 792 3042 deflagravit.
843 2965 906 3036 Qui
926 2967 1038 3043 templa
1062 2986 1149 3024 occu·

196 3056 336 3135 paveritl
389 3057 425 3114 In
449 3056 515 3118 foro
538 3072 633 3117 castra
653 3059 788 3137 posuisti.
839 3065 886 3118 32.
911 3059 973 3117 Sed
996 3060 1068 3139 quid
1092 3083 1149 3140 ego

197 3169 366 3211 communes
376 3154 461 3231 leges
473 3153 602 3233 profero,
612 3154 718 3233 quibus
730 3153 864 3212 omnibus
876 3175 908 3212 es
919 3155 1020 3213 exsull
1051 3156 1149 3215 Fami·

196 3248 367 3306 liarissimus
384 3262 452 3308 tuus
467 3249 505 3308 de
522 3261 551 3308 te
569 3250 757 3328 privilegium
774 3250 850 3319 tulit,
863 3254 906 3320 ut,
923 3250 993 3307 siin
1008 3265 1149 3330 opertum

196 3337 376 3408 Bonae'Deae
391 3345 571 3415 accessisses,
586 3347 746 3404 exsulares.
786 3346 829 3402 At
842 3358 872 3402 te
886 3345 917 3403 id
931 3345 1045 3417 fecisse,
1058 3347 1147 3405 etiam

197 3438 315 3516 gloriari
336 3440 423 3498 soles.
468 3440 629 3511 Quomodo
646 3441 745 3519 igitur,
763 3453 806 3498 tet
821 3441 939 3518 legibus
960 3441 989 3498 in
1011 3441 1147 3499 exsilium

195 3534 320 3610 ejectus,
335 3554 440 3594 nomen
455 3536 568 3594 exsulis
584 3555 642 3594 non
656 3536 879 3614 perhorrescisl
901 3539 1002 3596 Rome
1019 3557 1090 3605 sum,
1105 3535 1146 3591 in-

196 3628 267 3703 quit.
308 3629 350 3686 Et
359 3629 480 3706 quidem
492 3629 522 3688 in
533 3643 637 3708 operto
648 3631 736 3689 fuisti.
778 3631 849 3689 Non
860 3631 950 3709 igitur
960 3631 1011 3688 ubi
1022 3631 1146 3707 quisque

195 3722 260 3791 etit,
277 3724 343 3802 ejus
363 3724 420 3782 loci
436 3725 487 3803 jus
507 3726 636 3797 tenebit3
665 3725 691 3786 si
707 3724 749 3784 ibi
769 3745 837 3784 eum
858 3727 973 3804 legibus
998 3728 1063 3783 esse
1087 3725 1145 3781 non

194 3818 349 3895 oportebit.
