2664 4508
332 493 404 534 srvs
423 491 463 534 nn
481 493 752 534 Antonin-oar.
765 493 887 546 x1.,x11.
1047 481 1089 540 49

138 647 199 684 mus
211 611 332 702 Papum¹
341 623 498 682 AEmilium
509 621 544 681 O.
554 622 687 682 Luscino
699 623 879 688 familiarem
893 624 985 686 fuisse
1000 627 1057 708 (sic
1071 649 1091 688 a

138 722 268 801 patribus
279 718 470 798 accepimus),
479 717 525 777 bis
535 737 596 776 una
609 720 755 788 consules,
766 720 935 804 collegasiu
947 741 1088 796 censum

139 830 198 875 tum
215 829 248 874 et
264 835 332 874 cum
346 814 382 872 iis
400 810 525 871 et'inter
541 833 574 871 se
592 813 847 892 conjunctissimos
861 815 952 874 fuisse
966 817 1020 876 Μ’.
1030 819 1089 877 Cu·

74 945 80 956 ·
138 913 220 983 rium,
233 925 263 970 st
276 911 322 969 Ti.
332 909 563 978 Coruncanium,
574 901 725 967 memoriae
735 910 887 988 proditum
902 923 954 968 est
992 912 1090 989 Igitur

139 1029 174 1066 ne
184 1006 328 1085 suspicari
337 992 457 1082 quidem
466 996 936 1083 possumus,'quemquamhorum
946 1007 984 1065 ab
993 1007 1089 1066 amico

139 1101 289 1180 quidpiam
303 1085 499 1169 contendisse,
511 1099 592 1177 quod
605 1112 707 1158 contra
717 1099 816 1169 fidem,
827 1113 930 1159 contra
938 1102 1088 1180 jusjuran-

139 1196 214 1265 dum,
233 1207 337 1254 contra
357 1194 574 1273 rempublicam
595 1207 682 1253 esset.
732 1193 814 1253 Nam
835 1197 893 1254 hoc
914 1196 1036 1273 quidem
1057 1199 1089 1257 in

138 1292 243 1350 talibus
259 1290 331 1349 viris
348 1291 420 1368 qnid
436 1289 540 1349 attinet
556 1290 666 1359 dicere,
684 1289 709 1348 si
727 1291 934 1360 contendisset,
949 1292 1087 1370 impetra-

137 1399 235 1445 turum
252 1405 311 1445 non
325 1386 433 1457 fuisse3
456 1407 523 1445 cum
537 1386 582 1442 illi
597 1386 772 1444 sanctissimi
786 1387 841 1450 viri
854 1387 964 1446 fiterint
972 1410 980 1458 ;
1002 1409 1087 1465 aeque

138 1494 235 1540 autem
248 1481 331 1539 nefas
346 1481 393 1550 sit,
404 1483 465 1539 tale
481 1480 592 1558 aliquid
606 1492 636 1539 et
648 1481 748 1540 faeere
762 1495 899 1560 rogatum
913 1496 943 1540 et
956 1485 1087 1560 rogare-l

137 1577 257 1634 atvero
270 1576 337 1634 Tib.
347 1576 519 1634 Gracchum
532 1575 734 1653 sequebantur
747 1577 782 1635 O.
792 1578 901 1647 Carbo,
913 1577 948 1636 Ο.
958 1577 1045 1648 (tato,
1058 1591 1088 1636 et

39 1674 41 1678 ’
137 1672 340 1732 minimatum
354 1672 476 1750 quidem
490 1672 582 1732 Caius
595 1672 698 1743 frater,
709 1693 788 1731 nnnc
802 1673 883 1732 idem
898 1672 1067 1732 acerrimus.

173 1863 248 1922 XII.
269 1868 316 1922 40.
333 1863 410 1922 Haee
421 1862 513 1942 igitur
521 1865 571 1922 lex
579 1864 616 1923 ‘in
631 1865 760 1924 amicitia
773 1866 930 1937 sanciatur,
941 1879 975 1925 ut
988 1887 1087 1945 neque

134 1979 280 2037 rogemusu
293 1979 341 2018 res
361 1973 473 2038 turpes,
490 1979 546 2018 nec
562 1959 705 2019 faciamus
728 1957 833 2039 rogati.
875 1963 987 2042 Turpis
1007 1963 1087 2021 enim

136 2055 288 2114 excusatio
304 2068 358 2126 est,
374 2059 405 2114 et
421 2054 543 2114 minime
561 2055 741 2133 accipienda,
755 2077 824 2115 cum
840 2057 871 2115 in
888 2059 997 2117 ceteris
1017 2079 1087 2138 pee-

134 2150 216 2220 catis,
239 2164 301 2208 tum
326 2151 437 2228 siquis
461 2163 564 2210 contra
589 2153 804 2230 rempublicam
828 2173 860 2212 se
885 2155 973 2214 amici
998 2175 1089 2214 cansa

133 2243 239 2304 fecisse
250 2246 386 2305 fateatur.
427 2246 549 2305 Etenim
561 2267 599 2305 eo
607 2248 686 2317 loeo,
695 2248 793 2305 Fanni
802 2261 832 2306 et
843 2248 985 2318 Scaevola,
995 2250 1088 2308 locati

134 2360 244 2410 sumus,
264 2353 297 2400 ut
320 2361 374 2400 nos
397 2343 487 2420 longe
510 2341 683 2421 prospicere
699 2345 843 2421 'oporteat
862 2343 977 2401 futuros
1001 2363 1088 2402 casus

133 2435 316 2512 reipublicae.
357 2435 493 2493 Deflexit
505 2438 571 2514 jem
592 2437 807 2514 aliquantulum
824 2437 863 2494 de
883 2437 980 2515 spatio
997 2437 1087 2496 curri·

134 2530 261 2607 culoque
272 2530 621 2609 consuetudomajorum.
656 2535 703 2591 41.
719 2531 786 2591 Tib.
796 2532 950 2592 Gracchus
960 2553 1088 2611 regnum

133 2645 281 2702 occupare
291 2639 411 2684 conatus
420 2627 527 2697 est,vel
535 2627 705 2705 regnavitis
715 2627 836 2705 quidem
846 2647 954 2706 paucos
963 2649 1087 2688 menses.

133 2719 217 2778 Num
230 2719 302 2797 quid
312 2721 410 2780 simile
422 2723 552 2800 populus
565 2723 718 2782 Romanus
733 2722 874 2793 audierat,
887 2737 939 2782 aut
952 2724 1087 2783 viderati

132 2814 226 2872 Hunc
244 2815 334 2873 etiam
351 2829 560 2894 postmortem
577 2818 670 2876 secuti
688 2819 775 2877 amici
792 2833 822 2877 et
838 2819 999 2898 propinqui
1016 2821 1088 2898 quid

131 2911 163 2969 in
175 2911 213 2970 P.
223 2911 394 2990 Scipionem
410 2913 573 2984 effecerint,
588 2913 652 2972 sine
666 2914 796 2974 lacrimis
809 2934 869 2972 non
883 2936 961 2993 queo
976 2915 1088 2975 dicere.

132 3007 215 3065 Nam
233 3007 412 3079 Carbonem,
426 3028 547 3087 quoquo
564 3009 655 3067 modo
671 3010 830 3088 potuimus,
843 2997 966 3089 propter
984 3031 1088 3070 recen-

130 3112 195 3159 tem
214 3123 336 3180 poenam
354 3103 421 3162 Tib.
435 3103 575 3173 Gracchi,
592 3104 793 3164 sustinuimus.
842 3105 891 3164 De
909 3106 944 3165 (l.
960 3105 1088 3164 Gracchi

130 3209 236 3254 autem
251 3197 400 3258 tribunatu
413 3199 484 3277 quid
498 3213 683 3279 exspectem,
693 3221 753 3259 non
767 3201 841 3260 libet
855 3201 1010 3280 augurari:
1028 3221 1088 3258 ser·

129 3293 176 3371 pit
196 3293 277 3353 anim
299 3293 409 3353 deinde
429 3316 485 3366 res,
503 3317 569 3373 quae
589 3296 751 3376 proclivius
772 3297 811 3356 ad
831 3297 1003 3376 perniciem,
1020 3316 1088 3354 cum

129 3389 227 3446 semel
243 3388 343 3467 coepit,
358 3390 475 3450 labitur.
515 3391 632 3451 Videtis
645 3393 677 3450 in
691 3394 803 3452 tabella
814 3394 879 3470 jam
898 3405 966 3450 ante
981 3403 1090 3468 quanta

130 3485 212 3545 facta
235 3486 272 3544 sit
293 3487 386 3557 labes,
402 3489 499 3568 primo
516 3488 646 3550 Gabinia
662 3491 741 3566 lege,
759 3487 880 3547 biennio
905 3498 1003 3544 autem
1023 3497 1090 3563 post

130 3581 248 3640 Caesia.
281 3582 395 3642 Videre
404 3585 469 3663 jam
480 3583 583 3642 videor
593 3585 747 3663 populum,
759 3603 776 3640 a
786 3593 890 3640 senatu
901 3579 1088 3658 disjunctum,

131 3673 396 3754 multitudinisque
407 3668 536 3735 'arbitrio
552 3697 601 3737 res
620 3675 766 3734 maximas
784 3673 841 3758 agi
882 3673 991 3731 Plures
1008 3672 1089 3732 enim

130 3765 257 3838 discent,
273 3770 529 3846 quemadmodum
548 3773 613 3831 haec
633 3772 712 3839 fiant,
729 3789 819 3848 quam
838 3766 1090 3846 quemadmodum

128 3861 180 3920 bis
192 3863 357 3923 resistatur.
400 3871 447 3924 42.
464 3865 617 3938 Quorsum
629 3866 717 3926 heecl
739 3864 809 3943 quia
822 3863 886 3924 sine
899 3863 986 3923 sociis
1002 3881 1090 3922 nemo

602 3961 627 4019 C
