2698 4508
213 421 255 484 50
482 437 515 482 n.
532 437 561 482 r.
578 437 742 482 cressonis
760 437 890 490 nntius,

213 569 324 630 debent
338 588 414 639 esse,
428 569 503 628 sicut
520 570 644 629 aliarum
664 589 773 638 rerum,
788 569 948 627 satietates.
988 567 1161 625 Veterrima

214 685 348 742 quaeque,
367 677 398 722 ut
418 685 454 722 ea
470 665 548 734 vina,
566 686 632 742 quae
649 677 827 727 vetustatem
843 663 950 732 ferunt,
968 681 1033 720 esse
1050 661 1161 719 debent

212 758 400 816 suavissima:
422 778 585 836 verumque
600 759 673 816 illud
688 771 739 827 est,
751 757 834 834 quod
847 757 962 825 dicitur,
978 756 1085 813 multos
1099 775 1159 811 mo-

212 852 276 912 dios
290 853 359 911 salis
370 854 456 911 simul
467 853 599 912 edendos
614 873 688 922 esse,
697 866 730 912 ut
741 852 875 910 amicitiae
886 871 994 908 munus
1006 851 1159 928 expletum

211 946 256 1006 sit.
296 953 344 1006 68.
364 948 520 1006 Novitates
537 962 647 1017 autem,
661 947 687 1005 si
703 967 788 1025 spem
809 947 942 1014 afferunt,
956 957 997 1014 ut,
1012 957 1161 1020 tamquam

210 1043 356 1102 inberbis
376 1064 435 1102 non
452 1041 618 1113 fallacibus,
636 1044 749 1100 fructus
770 1049 922 1119 appareat,
938 1058 998 1097 non
1018 1052 1085 1096 suut
1101 1039 1161 1096 illae

212 1137 334 1216 quidem
357 1138 569 1218 repudiandae;
598 1150 728 1196 vetustas
753 1149 852 1195 tamen
878 1156 931 1194 suo
952 1136 1020 1193 loco
1045 1137 1162 1192 conser-

213 1233 325 1291 vanda:
347 1233 479 1293 maxima
496 1246 542 1294 est
558 1233 637 1291 enim
654 1232 697 1290 vis
714 1231 869 1290 vetustatis
886 1243 917 1289 et
933 1227 1163 1288 consuetudinis.

214 1327 296 1400 Quin
310 1328 376 1406 ipso
392 1349 479 1408 equo,
494 1330 579 1408 cujus
595 1328 686 1386 modo
703 1327 886 1385 mentionem
901 1324 965 1394 feci,
980 1325 1005 1382 si
1018 1324 1100 1382 nulla
1115 1343 1164 1382 res

214 1422 365 1502 impediat,
380 1443 470 1482 nemo
490 1437 543 1494 eat,
558 1424 609 1501 qui
626 1443 685 1481 non
706 1442 752 1491 ec,
768 1442 828 1497 quo
849 1420 1009 1488 consuevit,
1024 1419 1163 1476 libentius

213 1529 322 1587 utatur,
333 1537 421 1594 quam
433 1519 591 1576 intractato
603 1529 633 1574 et
647 1535 740 1573 novos
761 1535 817 1571 nec
829 1533 900 1572 vero
914 1513 945 1569 in
955 1515 1020 1581 hoc,
1030 1513 1108 1588 quod
1119 1525 1164 1570 est

213 1610 328 1678 animal,
345 1611 399 1668 sed
416 1611 446 1668 in
468 1612 503 1668 iis
524 1612 622 1677 etiam,
636 1629 702 1685 quae
726 1620 795 1665 sunt
816 1607 953 1675 inanima,
976 1605 1163 1664 consuetudo

212 1705 309 1762 valet:
332 1723 401 1761 cum
415 1704 488 1762 locis
502 1704 590 1762 etiam
604 1703 674 1780 ipsis
687 1701 879 1770 delectemur,
893 1700 1057 1760 montuosis
1072 1700 1162 1758 etiam

213 1811 245 1856 et
264 1797 455 1868 silvestribus,
470 1797 501 1854 in
518 1797 625 1874 quibus
641 1795 752 1852 diutius
768 1795 942 1854 commorati
960 1815 1072 1854 sumus.
1113 1800 1161 1853 69.

213 1893 274 1952 Sed
290 1893 452 1950 maximum
467 1893 557 1952 estin
571 1889 712 1959 amicitia,
723 1890 909 1969 superiorem
922 1870 1026 1970 parem
1040 1911 1105 1950 esse
1120 1891 1161 1948 in·

212 1989 331 2048 feriori:
352 2007 432 2066 saepe
448 1987 528 2045 enim
542 1986 728 2045 excellentias
742 1986 879 2064 quaedam
892 2000 969 2058 aunt,
984 1987 1080 2064 qualis
1097 1998 1163 2044 erat

213 2081 362 2162 Scipionis
371 2084 402 2142 in
416 2096 523 2152 nostro,
534 2095 567 2140 ut
576 2081 618 2140 ita
628 2081 735 2152 dicam,
747 2101 849 2160 grego.
891 2081 1056 2160 Nunquam
1069 2101 1102 2140 se
1112 2080 1162 2139 ille

213 2177 310 2250 Philo,
330 2194 480 2256 nunquam
497 2177 629 2256 Rupilio,
649 2193 800 2254 nunquam
818 2177 964 2236 Mummio
984 2177 1163 2256 anteposuit,

213 2295 363 2354 nunquam
387 2274 532 2333 inferioris
557 2271 669 2330 ordinis
693 2273 805 2332 amicis.
856 2273 896 2344 Q.
910 2291 980 2331 vero
997 2273 1163 2330 Maximum

214 2373 344 2442 fratrem,
356 2371 511 2449 egregium
525 2367 620 2425 virum
636 2368 764 2436 omuino,
778 2367 835 2425 sibi
848 2387 1035 2444 nequaquam
1049 2387 1161 2444 parem,

215 2467 292 2545 quod
311 2467 336 2524 is
352 2466 480 2524 anteibat
496 2475 591 2533 aetate
607 2477 754 2540 tamquam
772 2464 958 2542 superiorem
975 2465 1098 2534 colebat,
1115 2485 1162 2524 su·

213 2581 306 2639 osque
328 2580 428 2619 omues
448 2579 502 2637 per
521 2579 553 2617 se
575 2577 640 2618 esse
661 2557 819 2637 ampliores
835 2557 960 2617 volebat.
1001 2563 1048 2618 70.
1069 2559 1161 2631 Quod

213 2655 380 2715 faciendum
389 2653 621 2731 imitandumque
630 2666 676 2712 est
684 2652 827 2722 omnibus,
838 2665 879 2722 ut,
889 2653 913 2710 si
923 2671 1011 2730 quarn
1021 2667 1161 2732 praestan·

213 2751 287 2809 tiam
303 2749 424 2818 virtutis,
443 2747 564 2826 ingemi,
579 2748 703 2806 fortunas
724 2747 875 2806 consecuti
895 2761 972 2818 sunt,
990 2750 1162 2827 impertiant

213 2861 250 2905 aa
263 2843 332 2912 suis,
343 2844 618 2920 communicentque
633 2863 701 2901 cum
715 2843 876 2921 proximis3
895 2856 936 2912 ut,
948 2844 973 2901 si
987 2844 1161 2921 parentibus

212 2938 272 2998 nati
295 2937 352 2996 sint
372 2935 542 3007 humilibus,
559 2937 584 2995 si
606 2936 786 3015 propinquos
806 2937 933 2996 habeant
952 2938 1161 3008 imbecilliores

212 3033 260 3094 vel
274 3032 380 3102 animo,
392 3033 439 3090 vel
450 3032 576 3101 fortuna,
588 3051 691 3090 eorum
705 3045 833 3110 augeant
847 3053 929 3111 opes,
943 3033 1046 3110 eisque
1057 3034 1162 3093 honori

213 3129 271 3190 sint
292 3139 323 3186 et
343 3125 496 3205 dignitati:
524 3137 556 3184 ut
577 3126 608 3184 in
630 3125 747 3194 fabulis,
763 3126 814 3202 qui
837 3128 1020 3204 aliquamdiu
1042 3141 1162 3207 propter

213 3221 426 3304 ignorationem
446 3220 545 3299 stirpis
566 3233 596 3279 et
616 3221 734 3298 generis
751 3221 780 3278 iu
796 3221 1075 3292 famutatu‘tuerint,
1094 3239 1161 3282 cum

213 3315 322 3396 «igniti
332 3327 407 3385 sunt,
417 3328 447 3374 et
461 3328 511 3374 aut
520 3314 652 3386 deorum,
663 3325 713 3373 aut
722 3336 828 3393 regum
839 3317 893 3374 filii
902 3317 1024 3388 inventi,
1033 3317 1161 3376 retinent

213 3425 311 3474 tannm
334 3409 487 3470 caritatem
509 3409 540 3467 in
564 3423 705 3488 pastores,
719 3432 792 3488 quos
814 3425 914 3490 patres
939 3414 1047 3472 multos
1069 3433 1162 3470 annos

212 3524 279 3569 tato
289 3503 446 3564 duxerunt.
487 3504 580 3575 Quod
591 3506 684 3563 multo
694 3506 828 3583 profecto
839 3507 933 3584 magis
944 3507 974 3564 in
984 3508 1062 3568 veris
1073 3508 1161 3585 patri·

213 3599 269 3664 bns
279 3599 424 3678 certisque
433 3599 608 3659 faciendum.
645 3601 774 3659 Fructus
786 3601 865 3662 enim
874 3602 987 3680 ingenii
998 3603 1162 3672 arvinulis,

213 3693 364 3774 amnisque
376 3695 561 3773 praestantiae,
572 3708 635 3766 tum
648 3695 794 3755 maximus
805 3696 932 3776 capitur,
945 3717 1013 3756 cum
1024 3696 1053 3753 in
1064 3697 1164 3776 proxi·

213 3807 298 3856 mittit
311 3807 458 3872 quemque
473 3789 629 3849 confertur.
