2698 4508
199 434 242 494 ⁸²
475 446 508 494 lt·
525 447 555 488 τ·
573 443 736 492 ctcntouts
754 444 885 498 umarus,
973 445 977 474 τ

200 598 325 659 quaeque
342 576 400 658 ipsi
418 576 629 637 contribuunt
649 575 762 652 amicis,
775 577 840 636 haec
858 576 895 634 ab
911 574 956 635 eis
974 573 1153 636 desiderant.

200 676 260 734 Par
281 688 326 734 est
346 686 456 743 autem,
473 672 604 751 primum
625 673 725 752 ipsum
745 693 812 732 essa
832 672 929 729 virum
950 671 1072 742 bonum,
1089 684 1154 731 tum

199 773 323 831 alterum
342 769 471 828 similem
487 769 533 827 sui
551 789 695 846 quaerere.
736 757 778 825 In'
789 767 897 826 talibus
913 785 959 836 aa,
974 787 1064 850 quam
1077 767 1154 846 jam·

197 865 311 924 dudum
334 877 503 933 tractamus,
525 863 667 922 stabilitas
695 861 830 920 amicitiae
844 861 1023 920 rconfirmari
1045 873 1153 940 potest,

198 981 266 1019 cum
275 960 408 1020 homines
417 957 624 1018 benevolentia
635 954 793 1037 conjuncti,
802 954 929 1038 primum
942 957 1154 1036 cupiditatibus

196 1056 242 1126 iis,
257 1056 364 1133 quibus
383 1055 477 1114 ceteri
494 1051 637 1124 serviunt,
655 1049 865 1133 imperabunt3
887 1051 997 1110 deinde
1014 1047 1155 1129 aequitate
1176 1129 1182 1140 ·

197 1151 376 1231 justitiaque
387 1149 569 1229 ¹gaudebunt,
579 1149 738 1227 omniaque
748 1150 826 1209 alter
833 1169 887 1227 pro
896 1149 989 1206 altero
998 1143 1154 1226 suscipiet,

198 1267 296 1325 neque
307 1247 472 1324 quidquam
482 1265 615 1323 unquam
624 1245 680 1304 nisi
689 1246 848 1304 honestum
859 1256 890 1302 et
902 1256 1018 1302 rectum
1032 1245 1107 1302 alter
1118 1243 1156 1300 ab

199 1345 294 1402 altero
304 1342 485 1421 postulabit3
507 1361 607 1419 neque
618 1343 716 1400 solum
727 1343 828 1400 colent
837 1341 914 1399 inter
925 1359 966 1410 se,
976 1361 1011 1398 ac
1022 1331 1155 1418 diligent,

199 1439 253 1498 sed
266 1439 356 1497 etiam
367 1438 558 1497 verebuntur.
601 1436 681 1495 Nam
693 1436 857 1494 maximum
868 1448 1073 1500 ornamentum
1085 1435 1155 1493 ami·

199 1534 277 1593 citiae
297 1533 383 1602 tollit,
398 1533 449 1609 qui
466 1533 506 1590 ex
523 1551 559 1590 ea
575 1532 655 1590 tollit
671 1530 893 1589 verecundiam.
934 1534 982 1587 83.
1000 1529 1106 1606 Itaque
1123 1529 1155 1586 in

198 1629 234 1686 iis
247 1628 431 1707 perniciosus
449 1638 494 1684 est
510 1645 602 1694 error,
617 1626 669 1702 qui
683 1621 861 1694 existimant,
875 1624 1033 1684 libidinum
1049 1643 1155 1702 pecca·

198 1737 356 1800 torumque
370 1719 618 1806 omnium'p'atere
629 1720 659 1777 in
671 1719 799 1779 amicitia
808 1719 970 1778 licentiam.
999 1718 1154 1777 Virtutum

199 1818 328 1880 amicitia
345 1817 476 1896 adjutrix
494 1828 633 1875 enatura
650 1815 718 1874 data
735 1829 791 1887 est,
804 1837 865 1874 non
880 1815 1018 1874 vitiorum
1036 1834 1153 1886 comes3

198 1928 241 1986 ut,
252 1914 393 1992 quoniam
408 1912 540 1970 solitaria
552 1931 610 1969 non
624 1925 726 1990 posset
739 1911 833 1970 virtus
847 1911 884 1970 ad
900 1931 947 1980 ea,
959 1921 1030 1988 quae'
1040 1901 1157 1970 somma

198 2023 275 2080 sunt,
290 2008 456 2088 pervenire,
474 2009 635 2086 conjuncta
655 2020 685 2066 et
706 2007 871 2066 consociata
891 2001 967 2065 oum
980 1998 1155 2086 altera'per-

198 2105 321 2164 veniret.
363 2103 442 2176 Quae
457 2104 482 2162 si
498 2123 573 2182 quos
587 2103 673 2180 inter·
683 2095 818 2162 societas
829 2108 947 2172 a'ut'est,
962 2094 1014 2161 'am
1026 2103 1091 2173 fuit,
1106 2115 1157 2162 aut

198 2201 297 2260 futura
308 2213 362 2271 est,
372 2198 477 2261 eoruni
487 2194 699 2262 ,esthabendua
710 2192 748 2258 ad
760 2192 909 2274 summurn
920 2213 1034 2258 naturae
1045 2200 1156 2258 bonum

199 2297 331 2377 optimus
341 2293 589 2373 beatissimusque
598 2294 763 2354 comitatum
804 2299 853 2353 84.
871 2295 948 2354 Haec
959 2308 1013 2364 est,
1025 2295 1155 2372 inquam,

199 2392 453 2469 societatemque
470 2392 567 2450 omnia
582 2391 691 2460 insunt,
706 2412 773 2469 qnae
790 2404 897 2469 putant
913 2391 1047 2448 homines
1065 2411 1155 2468 expe·

199 2488 298 2556 tenda,
313 2487 462 2556 honestas,
477 2485 583 2564 gloria,
596 2486 903 2562 tranquillitas'animi,
919 2498 1006 2562 atque
1015 2486 1155 2563 jucundi·

198 2596 260 2642 tas:
283 2596 323 2651 ut,
338 2595 377 2651 et,
394 2602 463 2639 curn
477 2581 540 2638 haec
556 2579 659 2647 adsint,
670 2581 757 2637 beata
771 2579 832 2637 vita
845 2579 892 2648 ait,
904 2592 935 2637 et
948 2579 1014 2638 aine
1027 2580 1073 2638 his
1087 2601 1154 2642 esse

198 2697 256 2734 non
274 2675 374 2753 possit.
415 2673 507 2746 Quod
525 2694 593 2731 cum
614 2673 758 2751 optimum
779 2665 1001 2752 maximumque
1021 2675 1067 2747 sit,
1085 2677 1110 2736 si
1123 2677 1155 2735 id

198 2771 334 2830 volumus
355 2768 491 2848 adipisci,
504 2768 605 2827 virtuti
627 2788 718 2846 opera
738 2768 836 2828 danda
859 2782 914 2839 est,
931 2770 996 2828 sine
1017 2749 1085 2848 qua*
1097 2792 1155 2833 nac

199 2864 366 2934 amicitiam,
378 2883 477 2942 neque
491 2864 583 2922 ullam
597 2885 661 2922 rem
677 2864 880 2942 expetendam
894 2867 1035 2943 consequi
1050 2881 1153 2945 possu-

198 2961 281 3022 mus:
303 2979 341 3032 ea
354 2979 426 3018 vero
441 2955 587 3038 neglecta,
603 2959 653 3037 qui
667 2979 700 3018 se
711 2959 825 3018 vamicos
839 2961 952 3020 babere
966 2961 1153 3035 arbitrantur,

198 3057 261 3118 tum
279 3075 312 3117 se
329 3053 459 3132 denique
476 3075 590 3113 errasse
611 3054 756 3124 sentiunt,
768 3045 837 3114 cuni
855 3077 906 3115 eoa
928 3056 1027 3135 gravis
1048 3059 1155 3138 aliquis

199 3174 285 3214 casus
305 3151 442 3231 experiri·
453 3149 539 3228 cogit.
573 3145 633 3208 85.
654 3150 805 3222 Quocirca
822 3151 995 3230 (dicendum
1013 3168 1058 3212 est
1074 3155 1154 3215 enim

199 3248 320 3327 saepius)
340 3267 408 3305 cum
422 3245 614 3323 judicareris,
629 3244 755 3324 diligere
775 3260 909 3325 oportet3
937 3268 1007 3318 non,
1025 3271 1092 3308 cum
1109 3251 1153 3309 di·

198 3344 317 3412 lexeris,
330 3342 476 3420 judicare.
517 3341 578 3399 Sed
596 3362 664 3420 cum
685 3344 787 3401 multia
808 3343 839 3400 ln
859 3344 949 3402 rebus
969 3346 1154 3424 negligentia

199 3439 367 3518 plectimur,
381 3449 445 3496 tum
462 3435 592 3496 maxime
609 3437 640 3494 in
658 3437 759 3496 amicis
777 3451 807 3498 et
821 3438 988 3517 deligendis
1006 3453 1037 3498 et
1054 3442 1154 3500 colen·

199 3535 260 3592 dis:
290 3533 481 3612 praeposteris
503 3533 584 3592 enim
607 3533 718 3592 utimur
739 3529 866 3593 c'onsiliis
887 3548 918 3594 et
938 3549 1003 3594 acta
1027 3536 1152 3614 agimus,

199 3628 278 3707 quod
292 3641 429 3687 vetamur
443 3629 536 3687 veteri
556 3629 724 3708 proverbio.
766 3630 846 3688 Nam
864 3631 1008 3709 implicati
1026 3617 1104 3689 ultro
1124 3645 1155 3688 et

198 3725 281 3794 citro,
293 3725 342 3782 vel
352 3745 408 3784 usu
419 3724 567 3794 diuturno,
577 3727 626 3784 vel
638 3725 728 3784 etiam
743 3725 856 3795 officiis,
868 3739 994 3806 repente
1008 3726 1038 3784 in
1051 3715 1153 3785 medio
1212 3731 1214 3736 ’

199 3839 287 3880 cursu
302 3818 455 3890 amicitias,
470 3832 575 3880 exorta
589 3819 688 3898 aliqua
701 3821 864 3880 offensione
878 3821 1083 3901 dirumpimus.
