2698 4508
209 433 267 491 tto
533 443 681 488 consutis
699 441 831 486 sarorrs

205 578 300 658 magis
322 576 436 656 potenti
459 576 596 636 adulatus
624 589 670 635 est
692 574 832 647 Antonio,
857 596 956 654 neque
980 577 1154 657 desperatos

206 674 334 752 reliquit.
1036 666 1039 676 ‘

244 867 302 924 IX.
322 865 469 924 Secutum
488 876 534 923 est
549 864 662 924 bellum
686 877 802 943 gestum
824 863 904 944 apud
921 865 1090 930 Mutinam„
1118 864 1153 923 In

205 982 265 1038 quo
285 961 439 1020 sitantum
460 979 529 1018 eum
550 959 727 1038 prudentem
747 960 854 1029 dicam,
871 960 977 1030 minus,
992 981 1081 1037 quam
1102 959 1153 1020 de-

204 1057 301 1126 bearn,
315 1055 486 1136 praedicem,
498 1075 589 1133 quum
603 1055 655 1113 ille
670 1054 770 1134 potius
783 1055 899 1113 divinus
912 1054 1020 1114 fuerit:
1038 1055 1066 1113 si
1080 1054 1153 1114 divi·

204 1152 285 1210 natio
298 1150 477 1230 appellanda
490 1163 535 1209 est
544 1149 692 1230 perpetua
701 1150 841 1210 naturalis
852 1151 974 1214 bonitas.
983 1171 1050 1228 quae
1064 1150 1153 1208 nullis

205 1247 322 1305 casibus
342 1266 439 1323 neque
460 1245 567 1324 agitur,
580 1265 680 1324 neque
696 1245 846 1304 minuitur.
885 1245 990 1304 Hostis
1003 1245 1153 1304 Antonius

205 1341 356 1418 judicatus
364 1341 452 1400 Italia
462 1354 603 1412 cesserat3
620 1360 689 1420 spes
699 1340 876 1406 restituendi
885 1341 967 1399 nulla
977 1353 1048 1399 erat
1083 1340 1153 1398 Non

205 1438 300 1495 solum
313 1436 434 1506 inimici,
450 1435 501 1513 qui
515 1448 578 1494 tum
595 1447 678 1494 erant
695 1435 890 1513 potentissimi
907 1448 937 1494 et
954 1436 1086 1514 plurimi,
1100 1444 1153 1494 sed

205 1531 304 1601 etiam,
322 1526 373 1607 qui
389 1530 563 1588 adversariis
587 1531 652 1606 ejus
676 1549 709 1586 sa
731 1529 843 1588 dabant
867 1531 943 1588 etin
964 1550 1001 1588 eo
1017 1529 1153 1589 laedendo

206 1625 335 1701 aliquem
359 1636 568 1682 consecuturos
592 1623 753 1701 sperabant
775 1623 1073 1695 commendationem,
1091 1626 1153 1683 An·

204 1719 276 1776 tonii
286 1718 446 1776 familiares
459 1717 706 1794 insequebantur3
724 1737 851 1776 uxorem
862 1718 1000 1800 Fulviam
1015 1721 1153 1779 omnibus

204 1815 293 1872 rebue
307 1813 434 1892 spoliare
448 1813 608 1892 cupiebant
618 1835 626 1884 ;
644 1812 754 1871 liberos
766 1813 854 1872 etiem
866 1813 1057 1891 exstinguere
1068 1835 1154 1893 para·v

205 1909 285 1968 bant
324 1909 449 1978 Atticus,
461 1928 554 1986 quum
565 1907 719 1966 Ciceronis
731 1907 835 1967 iutitna
843 1905 1040 1968 familiaritate
1055 1923 1154 1969 utere·

205 2018 262 2074 tur,
277 2004 470 2064 amicissimus
490 2015 569 2063 esset
581 2004 685 2073 Bruto,
699 2023 759 2063 non
780 2002 869 2063 modo
889 2003 961 2061 nibil
978 2003 1015 2062 iis
1031 2001 1155 2065 indulsit

206 2100 244 2158 ad
258 2099 421 2161 Antonium
437 2099 617 2170 violandum,
631 2099 685 2159 sed
701 2119 719 2158 e
740 2099 887 2159 contrario
907 2098 1067 2162 familiares
1088 2102 1153 2179 ejus

177 2243 182 2264 ,
206 2217 244 2254 ex
258 2197 333 2254 urbe
347 2195 559 2275 profugientes,
574 2208 717 2273 quantum
730 2195 835 2274 potuit,
849 2195 931 2265 texit,
943 2194 1051 2272 quibus
1064 2197 1153 2256 rebus

205 2291 406 2370 indiguerunt,
429 2291 550 2371 adjuvit.
600 2290 637 2349 P.
654 2310 725 2349 vero
742 2291 905 2349 Volumnio
929 2311 965 2350 ea
987 2290 1098 2362 tribuit,
1119 2305 1154 2351 ut

205 2391 293 2467 plura
317 2409 334 2447 a
357 2400 480 2467 parente
503 2386 652 2465 proficisci
673 2406 732 2444 non
756 2385 916 2465 potuerint.
966 2384 1030 2464 Ipsi
1052 2399 1152 2445 autem

205 2483 330 2553 Fuluiae,
347 2503 441 2559 quum
461 2481 560 2539 litibus
583 2479 772 2538 distineretur
795 2481 967 2560 magnisque
991 2481 1152 2540 terroribus

204 2590 372 2646 vexaretur,
383 2589 466 2635 tanta
479 2574 636 2652 diligentia·
647 2573 775 2632 officium
788 2595 875 2634 suum
889 2576 1033 2655 praestitit,
1044 2590 1077 2636 ut
1089 2579 1152 2636 nul-

204 2671 266 2727 lum
282 2671 334 2727 illa
350 2671 457 2729 stiterit
469 2668 671 2728 vadimonium
687 2668 751 2728 sine
765 2671 874 2740 Attico,
888 2672 936 2730 hic
953 2689 1075 2750 sponsor
1091 2693 1152 2732 om-

204 2763 286 2821 nium
307 2783 408 2820 rerum
424 2764 522 2822 fuerit.
572 2763 656 2835 Quin
673 2763 878 2841 etiam,quun1
894 2765 1085 2826 illafundum
1106 2788 1151 2826 se-

205 2856 300 2916 cunda
317 2857 435 2916 fortuna
454 2859 577 2918 emisset
592 2861 624 2915 in
641 2857 731 2928 diem,
746 2879 844 2938 neque
864 2874 933 2942 post
954 2863 1153 2921 calamitatem

203 2971 354 3010 versuram
364 2951 463 3012 facere
477 2953 630 3031 potuisset,
639 2952 691 3011 ille
705 2971 737 3012 se
747 2954 924 3034 interposuit
934 2955 1150 3036 pecuniamque

204 3048 267 3107 sine
290 3047 393 3106 fenore
414 3047 537 3125 sineque
556 3049 619 3107 ulla
638 3047 828 3127 stipulatione
851 3052 881 3108 ei
902 3051 1041 3125 credidit3
1059 3053 1152 3111 maxi-

203 3163 285 3202 mum
299 3143 473 3202 existimans
484 3155 638 3220 qureetum,
648 3163 813 3203 memorem
826 3157 1003 3224 gratumque
1014 3150 1155 3226 cognosci,

204 3239 350 3316 simulque
372 3237 500 3317 aperire,
517 3259 550 3298 se
570 3258 631 3296 non
647 3239 781 3310 fortunae,
799 3240 853 3298 sed
868 3241 1036 3301 hominibus
1057 3245 1153 3302 solere

203 3355 269 3393 esse
286 3334 422 3396 amicum.
464 3333 544 3406 Quae
561 3355 651 3411 quum
667 3335 804 3406 faciebat,
819 3355 908 3394 nemo
923 3356 993 3395 eum
1010 3339 1153 3417 temporis

204 3449 295 3488 causa
305 3429 404 3488 facere
415 3429 533 3508 poterat
547 3428 726 3488 existimare.
766 3429 891 3490 Nemini
901 3432 981 3490 enim
992 3433 1023 3490 in
1038 3433 1153 3510 opinio·

202 3544 271 3582 nem
289 3525 438 3595 veniebat,
452 3524 614 3584 Antonium
630 3544 732 3583 rerum
747 3525 922 3604 potiturum.
963 3527 1025 3586 Sed
1042 3528 1154 3586 sensim

203 3619 228 3676 is
245 3641 263 3677 a
278 3618 426 3680 nonnullis
445 3620 639 3699 optimatibus
654 3619 936 3698 reprehendebatur,
951 3622 1030 3698 quod
1046 3643 1153 3700 parum

204 3714 303 3772 odisse
314 3717 407 3774 malos
417 3715 496 3774 cives
504 3715 663 3775 videretur.
688 3715 744 3773 Ille
755 3725 864 3783 autem,
870 3715 916 3773 sui
920 3713 1153 3795 judicii,potius‚

203 3809 275 3886 quid
290 3829 322 3868 se
335 3809 437 3869 facere
449 3831 504 3890 par
517 3822 606 3882 esset,
616 3810 795 3880 intuebatur,
806 3827 894 3885 quam
904 3808 977 3886 quid
992 3809 1042 3870 alii
1052 3811 1152 3870 lauda·

203 3902 261 3961 turi
275 3903 382 3963 forent.
