2664 4508
349 391 422 434 srva
443 391 483 432 nn
501 391 809 434 sensorum—cur.
823 390 899 443 xiv„
911 390 964 432 xv.
1095 375 1135 434 1⁹

180 522 252 583 cinii
264 521 365 582 Crassi
380 534 410 580 et
423 521 568 600 pontificii
589 533 621 581 et
633 520 727 581 civilis
735 520 814 600 juris
826 520 927 580 studio
938 521 1063 599 loqusrl
1082 533 1136 582 sut

181 618 220 679 de
230 619 317 697 hujus
327 616 366 675 P.
377 617 536 696 Scipionis,
545 611 599 695 qui
609 617 654 675 his
665 617 770 696 paucis
780 614 887 675 diebus
896 615 1032 694 pontifex
1041 615 1136 676 maxi·

179 734 247 773 mus
263 715 360 773 factus
380 714 448 771 esti
487 711 583 789 Atqui
599 731 652 770 eos
672 731 784 782 omnes,
798 730 873 788 quos
893 711 1134 782 commemorari,

179 807 226 867 his
242 807 345 867 studiis
357 807 517 888 flagrantes
533 826 622 865 senes
636 804 773 864 vidimus.
813 805 856 864 M.
870 825 942 865 vero
955 806 1134 885 Cethegum,

180 923 271 980 quem
284 915 366 960 recte
382 901 493 960 Soada
508 901 666 960 medullam
679 899 755 958 dixit
768 899 895 972 Ennius,
910 913 1020 979 quanto
1033 900 1135 960 studio

180 997 318 1057 exerceri
327 997 359 1054 in
373 995 501 1055 dicendo
510 994 696 1066 videbamus,
708 995 799 1054 etism
810 997 931 1076 senem!
974 995 1053 1068 Ques
1066 1007 1136 1055 sunt

154 1145 158 1158 ,
179 1091 272 1171 igitur
292 1093 458 1170 epularum,
477 1102 530 1148 aut
547 1090 696 1162 ludorum,
714 1103 764 1150 aut
783 1103 947 1150 scortorum
966 1092 1135 1170 voluptates

180 1184 310 1244 cumbis
325 1183 526 1262 voluptatibus
547 1181 777 1262 comparandasl
817 1186 919 1264 Atque
934 1185 998 1243 haec
1011 1183 1135 1262 quidem

181 1278 279 1339 studia
291 1277 456 1337 doctrinm:
477 1297 545 1355 quae
562 1276 683 1356 quidem
698 1276 893 1356 prudentibus
913 1291 945 1337 et
959 1278 1039 1338 bene
1055 1278 1135 1338 insti·

179 1375 249 1432 tutis
263 1374 377 1452 pariter
390 1393 460 1433 cum
474 1385 561 1432 aetate
575 1386 726 1444 crescuntt
744 1385 777 1432 ut
789 1374 947 1448 honestum
960 1373 1036 1432 illud
1050 1374 1135 1434 Solo·

178 1469 224 1529 nis
239 1469 286 1540 sit,
300 1467 381 1546 quod
394 1469 436 1527 ait
448 1468 596 1526 versiculo
610 1467 747 1546 quodam,
761 1480 795 1528 ut
810 1482 879 1528 ante
893 1455 1135 1540 dixi,'senescere

180 1586 213 1624 se
227 1567 321 1624 multa
333 1563 364 1623 in
378 1564 444 1623 dies
461 1562 685 1622 addiscentem:
706 1584 766 1641 qus
778 1564 934 1644 voluptate
949 1565 1038 1624 enimi
1051 1564 1135 1623 nulla

180 1673 261 1719 certe
278 1671 460 1740 potestesse
474 1658 577 1738 major.

218 1850 289 1910 XV.
310 1853 358 1909 51.
373 1847 475 1908 Venio
488 1868 566 1907 nunc
577 1846 616 1908 ed
626 1848 793 1927 voluptates
808 1848 1015 1928 agricolarum,
1024 1849 1133 1928 quibua

179 1965 238 2024 ego
260 1944 474 2004 incredibiliter
495 1945 646 2004 delectorr
675 1965 742 2023 quae
766 1965 824 2005 nec
847 1945 909 2005 ulla
931 1946 1134 2026 impediuntur

180 2053 343 2111 senectute,
359 2053 390 2100 et
411 2039 485 2098 mihi
505 2039 545 2098 sd
564 2040 703 2118 sepientis
723 2041 815 2100 vitem
838 2041 975 2120 proxime
996 2041 1134 2102 videntur
1209 2047 1276 2134 „5¹”

179 2135 334 2194 accedere.
373 2134 498 2194 Habent
518 2125 763 2194 obiui'rstrouem
781 2155 849 2196 cum
866 2149 955 2208 terra,
971 2157 1037 2216 quae
1058 2119 1208 2234 nun-eps*
1274 2132 1278 2143 ¹

179 2250 270 2307 quem
288 2241 406 2288 recusat
421 2227 591 2309 imperium,
604 2248 661 2286 nec
681 2248 811 2305 unquam
831 2229 895 2288 sine
912 2250 1003 2289 usura
1021 2231 1129 2301 reddit,

179 2323 258 2404 quod
276 2325 407 2404 accepit3
430 2322 574 2383 seduliae
590 2323 717 2406 minore,
729 2325 907 2410 plerumque
928 2326 1039 2404 majore
1060 2345 1130 2384 cum

176 2421 288 2480 fenore.
330 2419 524 2498 Quamquam
542 2439 593 2480 me
609 2412 730 2498 quidem
751 2439 812 2480 non
829 2419 942 2479 fructus
963 2419 1059 2492 modo,
1076 2420 1132 2480 sed

177 2516 267 2575 etiam
288 2513 383 2594 ipsius
406 2527 494 2574 tenne
516 2515 560 2574 vie
586 2535 620 2576 ac
644 2528 749 2574 natura
771 2515 928 2576 delectat·
955 2515 1044 2588 Quae,
1061 2537 1131 2577 cum

177 2613 290 2692 gremio
298 2609 412 2670 mollito
421 2631 456 2670 ac
468 2611 591 2670 subacto
602 2631 738 2690 sparsum
748 2631 852 2670 semen
861 2605 991 2691 excepit,
1000 2611 1130 2691 primum

175 2693 208 2764 id
223 2719 404 2766 occaecatum
425 2705 560 2777 cohibet;
588 2725 626 2764 ex
646 2726 708 2785 quo
729 2707 851 2778 occatio,
868 2727 936 2785 qnae
952 2707 1009 2766 hoc
1029 2706 1136 2780 efficit,

176 2802 333 2861 nominata·
346 2813 409 2860 est:
439 2799 549 2860 deinde
570 2801 752 2880 tepefactum
772 2822 881 2882 vspore
906 2815 936 2862 et
956 2822 1131 2883 compressu

175 2918 229 2966 suo
241 2895 379 2968 diffindit,
389 2908 419 2955 et
432 2895 514 2955 elicit
522 2896 748 2956 herbescentem
761 2917 800 2956 ex
808 2917 845 2956 eo
852 2897 1046 2958 viriditatem:
1063 2919 1130 2976 qum

176 2993 246 3052 nixa
265 2992 347 3050 fibris
373 2991 520 3070 stirpium,
539 2999 649 3051 seusun
674 2989 826 3062 adolescit,
848 2979 1008 3070 culmoque?
1032 3006 1131 3054 erecta

176 3090 345 3168 geniculato
358 3089 473 3170 vaginis
481 3090 547 3168 jem
561 3089 646 3168 quasi
659 3092 828 3170 pubescens
841 3089 1018 3164 includitur3
1037 3092 1129 3170 equi-

177 3186 231 3244 bus
246 3206 313 3244 curu
326 3170 459 3257 errisrsit,
473 3184 571 3244 fundit
584 3185 701 3264 frugem
715 3185 801 3265 spici,
815 3185 918 3246 ordine
934 3198 1086 3257 structam,
1100 3199 1131 3245 et

176 3293 279 3338 contra
298 3281 398 3340 avium
418 3281 565 3340 minorum
585 3301 701 3340 morsus
721 3281 852 3342 munitur
866 3283 943 3341 vallo
965 3282 1129 3340 aristarum.

175 3379 224 3433 52.
241 3373 326 3445 Quid
343 3395 400 3454 ego
415 3376 521 3435 vitium
540 3388 633 3448 onus,
646 3388 736 3464 satus,
749 3365 933 3435 incrementa
950 3394 1129 3434 commemo·

126 3543 131 3552 ι
174 3469 261 3528 remi
282 3469 381 3528 satiari
395 3470 589 3530 delectatione
605 3490 667 3528 non
683 3489 813 3549 possum,
827 3482 861 3528 ut
875 3489 951 3528 meae
967 3469 1128 3528 senectutis

173 3564 341 3641 requietem
353 3565 662 3643 oblectamentumque
675 3563 811 3622 noscatis.
850 3563 963 3622 Omitto
976 3561 1054 3621 enim
1067 3562 1128 3624 vim

173 3661 270 3740 ipsam
283 3660 424 3732 omnium,
439 3682 506 3741 quae
519 3669 701 3740 generantur
717 3669 848 3729 eterrs;
868 3677 934 3736 quse
948 3677 987 3716 ex
1001 3658 1050 3717 fici
1063 3671 1128 3718 tun·

172 3756 236 3815 tulo
248 3776 351 3835 grano,
364 3768 415 3816 aut
425 3777 465 3816 ex
476 3755 563 3816 acino
572 3753 704 3823 vinaceo,
716 3765 767 3814 sut
780 3771 819 3812 ex
832 3765 998 3814 ceterarum
1008 3753 1126 3834 frugum
