2698 4508
188 401 230 460 00
461 415 496 458 u.
512 415 543 456 r.
559 411 725 456 crcaaenrs
743 409 874 461 astrue,

187 559 287 630 potest
303 547 334 604 in
355 544 500 614 amicitiis,
514 564 554 602 ne
570 543 767 622 intemperata
783 542 921 619 quasdam
937 539 1147 600 benevolentia

191 643 285 722 (quod
300 661 436 720 persaepe
453 640 499 714 fit)
514 639 658 716 impediat
674 655 796 715 magnas
813 633 954 695 utilitates
975 636 1146 694 amicorum.

190 740 221 798 N
224 760 258 796 ec
283 737 371 806 enim,
389 749 422 794 ut
445 736 482 794 sd
499 735 615 793 fabulas
635 733 769 803 redeam,
785 733 909 810 Trojam
926 732 1147 808 Neoptolemus

190 849 299 910 capere
311 831 464 910 potuisset,
474 830 499 887 si
509 829 721 907 Lycomedem,
731 827 810 906 apud
821 846 911 904 quem
920 839 983 884 erat
994 825 1148 894 educatus,

189 927 291 984 multis
308 947 378 983 cum
390 925 523 984 lacrimis
536 925 593 982 iter
609 943 695 982 suum
710 922 932 1001 impedientem,
948 921 1051 980 audire
1066 922 1149 979 volu-

190 1021 271 1078 isset.
312 1021 354 1078 Et
374 1040 454 1098 saepe
469 1019 602 1077 incidunt
622 1037 739 1096 magnae
759 1037 817 1086 res,
832 1029 865 1074 ut
878 1016 1092 1081 discedendum
1111 1015 1151 1074 sit

192 1116 230 1174 ab
248 1116 368 1173 amicis:
389 1135 464 1190 quas
481 1114 532 1192 qui
545 1111 692 1191 impedire
709 1113 783 1181 vult,
797 1112 877 1188 quod
891 1111 1074 1170 desiderium
1090 1130 1152 1169 non

191 1209 281 1268 facile
295 1209 380 1278 ferat,
393 1209 418 1266 is
432 1221 463 1267 et
476 1209 610 1266 infirmus
628 1220 673 1265 est
687 1207 844 1284 mollisque
857 1219 973 1276 natura,
988 1219 1019 1264 et
1031 1208 1070 1265 ob
1085 1225 1152 1264 eam

191 1304 288 1384 ipsam
309 1325 430 1362 causam
451 1303 482 1361 in
502 1303 632 1362 amicitie
652 1323 758 1382 pamm
774 1303 881 1383 justus.
932 1309 978 1362 76.
999 1304 1101 1380 Atque
1121 1302 1152 1362 in

195 1399 277 1458 omni
291 1420 324 1457 re
339 1399 588 1458 considerandum
603 1411 655 1467 est,
671 1399 786 1477 etquid
801 1400 935 1476 postules
949 1400 987 1457 ab
1002 1399 1107 1468 amico,
1122 1408 1153 1456 et

195 1494 266 1571 quid
282 1495 398 1572 patiare
410 1513 428 1552 a
441 1507 472 1551 te
486 1493 648 1572 impetrari.

233 1681 321 1741 XXI.
352 1681 410 1740 Est
430 1681 520 1740 etiam
538 1682 621 1760 quasi
637 1683 773 1760 quaedam
795 1684 946 1744 calamitas
962 1683 993 1744 in
1014 1682 1153 1744 amicitiis

196 1777 378 1836 dimittendis
395 1797 608 1855 nonnunquam
624 1779 810 1839 necessaria:
828 1780 893 1858 jam
909 1779 990 1838 enim
1004 1801 1022 1840 a
1038 1778 1153 1858 sapien·

195 1872 268 1930 tium
286 1872 536 1932 familiaritatibus
557 1874 596 1934 ed
611 1876 750 1953 vulgares
775 1875 918 1936 amicitias
939 1875 1034 1935 oratio
1053 1887 1156 1933 nostra
1184 1939 1186 1944 ¹

195 1967 354 2026 delabitur.
394 1968 568 2048 Erumpunt
584 1991 664 2049 saepe
681 1970 751 2028 vitia
768 1971 934 2030 amicorum
950 1983 1013 2048 tum
1029 1971 1060 2028 in
1075 1970 1157 2048 ipsos

196 2063 318 2131 amieos,
329 2076 393 2122 tum
404 2064 435 2122 in
447 2065 570 2136 alienos,
580 2085 708 2144 quorum
721 2078 822 2124 tamen
836 2065 873 2126 ad
885 2068 995 2126 amicos
1007 2065 1158 2125 redundet

196 2158 328 2219 infamia.
370 2160 462 2222 Tales
476 2162 569 2241 igitur
582 2162 720 2222 amicitiae
738 2173 807 2220 sunt
819 2162 997 2222 remissione
1010 2183 1082 2222 usus
1097 2163 1157 2220 ela·

198 2255 292 2323 endae,
314 2269 353 2326 et,
374 2269 409 2315 ut
429 2257 577 2318 Catonem
601 2258 703 2316 dicere
731 2257 841 2327 audivi,
863 2257 1031 2319 dissuendae
1054 2255 1158 2334 magis,

198 2371 289 2428 quam
307 2353 531 2414 discindendae:
557 2355 618 2414 nisi·
632 2353 768 2432 quaedam
790 2353 950 2411 admodum
968 2352 1159 2410 intolerabilis

198 2445 310 2524 injuria
332 2450 489 2519 exarserit,
506 2461 540 2508 ut
556 2470 656 2526 neque
676 2461 801 2517 rectum,
818 2467 919 2524 neque
934 2447 1091 2508 honestum
1113 2446 1158 2516 sit,

199 2559 256 2598 nec
270 2541 335 2600 fieri
349 2544 451 2619 possit,
466 2555 499 2601 ut
514 2561 573 2601 non
590 2543 689 2600 statim
705 2541 846 2601 alienatio
860 2540 1077 2620 disjunctisque
1088 2540 1159 2600 faci-

201 2633 278 2691 enda
295 2635 341 2692 sit.
383 2642 431 2694 77.
449 2637 503 2696 Sin
518 2652 619 2696 autem
634 2657 763 2706 morum,
777 2649 830 2694 sut
845 2635 1013 2694 studiorum
1027 2657 1159 2694 commu·

201 2729 273 2786 tatio
290 2730 440 2806 quaedam,
454 2745 487 2790 ut
503 2732 569 2792 fieri
585 2734 672 2801 solet,
684 2732 764 2804 ,facta
785 2732 850 2802 erit,
865 2743 915 2790 aut
931 2731 962 2792 in
982 2732 1159 2810 reipublice

202 2824 337 2901 partibus
348 2825 495 2886 dissensio
506 2828 708 2888 intercesserit
719 2829 836 2906 (loquer
847 2828 925 2886 enim
931 2828 1005 2907 jam,
1015 2840 1048 2888 ut
1058 2829 1159 2907 paullo

203 2932 272 2980 ente
289 2919 492 2992 distinendo
510 2923 698 3002 sapientium,
713 2923 765 2982 sed
781 2923 818 2984 de
836 2924 1042 2984 communibus
1059 2924 1159 2982 amici·

203 3014 276 3091 tiis),
291 3019 459 3078 cavendum
474 3019 539 3090 erit,
553 3040 591 3078 ne
605 3040 664 3078 non
678 3021 774 3078 solum
788 3019 924 3079 amicitiae
938 3019 1092 3098 depositae,
1105 3019 1161 3080 sed

204 3109 367 3171 inimicitias
379 3114 470 3174 etiam
482 3128 628 3193 susceptae
639 3115 805 3174 videantur.
847 3114 933 3174 Nihil
941 3115 1025 3198 'enim
1035 3115 1160 3194 turpius,

206 3227 294 3282 quam
312 3227 380 3266 cum
397 3229 434 3268 eo
448 3212 559 3269 bellum
576 3230 692 3288 gerere,
705 3210 826 3288 quicum
839 3209 1026 3270 familiariter
1042 3211 1161 3270 vixeris.

205 3303 255 3360 Ab
277 3305 408 3364 amicitia
429 3305 469 3378 Q.
482 3307 618 3385 Pompeii
640 3325 707 3364 meo
731 3305 851 3366 nomine
876 3327 909 3366 se
931 3317 1161 3376 removeretur

206 3399 296 3468 scitis,
314 3400 435 3480 Scipio;
459 3415 581 3482 propter
597 3402 812 3462 dissensionem
832 3415 942 3473 autern,
959 3407 1028 3480 quae‘
1046 3413 1111 3460 erat
1129 3401 1160 3458 in

205 3495 370 3568 republica,
381 3499 524 3558 alienatus
534 3511 579 3558 est
588 3501 838 3578 acolleganostro
847 3501 986 3560 Metelle:
1004 3511 1161 3576 utramque

207 3588 270 3662 egit
287 3591 427 3666 graviter,
445 3595 618 3654 auctoritate
635 3608 665 3653 et
681 3596 843 3656 offensione
861 3594 952 3656 animi
968 3614 1028 3654 non
1045 3594 1161 3652 acerba.

208 3682 255 3738 78.
273 3681 482 3754 Quamobrem
497 3690 626 3768 primum
641 3691 738 3750 danda
753 3711 845 3770 opere
861 3703 914 3760 est,
929 3710 968 3752 ne
983 3710 1042 3767 qua
1055 3687 1161 3748 arnico·

206 3791 274 3834 rum
288 3779 410 3842 dissidia
425 3783 515 3844 fiant:
536 3785 582 3844 sin
598 3787 660 3846 tale
678 3785 788 3864 aliquid
802 3785 942 3857 evenerit,
957 3798 990 3846 ut
1006 3783 1161 3844 exstincta

149 4098 877 4478 ΔΓΑ
