2698 4508
211 444 252 502 56
483 457 516 498 u.
533 457 562 498 r.
579 454 889 506 cranaosrsnnmus,

208 587 367 648 volentiam
381 587 497 656 civium,
511 605 599 664 quem
611 585 763 645 blanditiis
781 597 810 644 et
824 585 1002 644 assentando
1016 585 1157 662 colligere

208 691 294 760 tur'pe
305 695 356 740 est
397 682 509 750 Virtus,
521 701 609 760 quam
625 682 760 758 sequitur
774 681 888 748 ceritas,
901 680 1022 737 minima
1037 679 1155 757 repudi·

209 777 346 836 andaest.
379 781 426 834 62.
441 777 592 854 Sedsaepe
603 776 723 852 (etenim
733 774 826 834 redeo
836 773 872 832 ed
882 773 1062 852 Scipionem,
1072 774 1157 851 cujus
1182 765 1183 770 ἵ

207 872 302 930 omnis
320 891 417 930 sermo
434 883 498 928 eret
512 869 549 927 de
567 870 705 946 amicitia)
720 871 909 947 querebatur,
924 868 1004 945 quod
1022 868 1157 926 omnibus

207 963 236 1021 in
250 966 338 1022 rebus
350 964 483 1022 homines
494 964 698 1042 diligentiores
711 976 810 1022 essent
817 987 825 1035 ;
843 983 946 1041 cepres
960 975 991 1022 et
1004 982 1074 1021 oves
1087 975 1158 1039 quot

207 1060 333 1136 quisque
350 1061 484 1128 haberet,
499 1059 603 1117 dicere
618 1079 724 1136 posse:
746 1059 855 1117 amicos
873 1071 945 1134 quot
956 1058 1086 1125 heberet,
1100 1077 1159 1114 non

208 1174 297 1233 posse
308 1154 425 1226 dicere:
444 1167 475 1212 et
488 1153 519 1212 in
532 1153 590 1225 illis
601 1153 724 1230 quidem
737 1152 877 1232 perendie
892 1153 1033 1210 adhibere
1048 1171 1159 1221 curam,

208 1247 239 1304 in
249 1248 351 1306 amicis
363 1247 509 1325 eligendis
520 1247 705 1325 negligentes
716 1267 791 1316 esse,
800 1247 974 1306 nechabere
984 1246 1067 1323 quasi
1077 1247 1161 1324 signa

209 1343 357 1420 quaedam,
374 1356 405 1401 et
426 1356 519 1412 notes,
537 1343 645 1419 quibus
667 1361 729 1410 eos,
746 1343 797 1418 qui
820 1341 857 1399 ad
882 1341 1041 1400 amicitiam
1062 1353 1161 1399 essent

210 1437 318 1508 idonei,
330 1438 511 1518 judicarent.
551 1438 627 1495 Sunt
644 1437 734 1514 igitur
749 1436 834 1505 firmi,
849 1449 879 1493 et
898 1437 1031 1504 stabiles,
1045 1448 1075 1493 et
1091 1456 1158 1495 con·

209 1545 320 1590 stantes
345 1532 483 1607 eligendi,
499 1531 587 1607 cujus
615 1530 733 1608 generis
757 1542 802 1586 est
828 1549 935 1606 magna
958 1529 1100 1605 penurie:
1129 1543 1160 1588 et

208 1623 346 1700 judicare
358 1623 478 1680 difficile
490 1636 534 1680 est
544 1641 615 1679 sene
625 1622 682 1678 nisi
693 1634 865 1698 expertum
884 1621 1101 1699 experiendum
1114 1635 1159 1680 est

208 1729 308 1774 eutem
325 1717 354 1772 in
371 1716 435 1793 ipsa
457 1716 601 1773 amicitia:
623 1716 665 1774 ite
680 1715 834 1792 praecurrit
855 1715 984 1773 amicitie
998 1716 1157 1794 judicium,

207 1811 343 1885 tollitque
361 1808 536 1886 experiendi
554 1821 736 1886 potestatem.
777 1813 824 1867 63.
846 1810 903 1868 Est
919 1810 1010 1887 igitur
1029 1811 1156 1888 pruden-

207 1904 253 1973 tis,
271 1903 426 1972 sustinere,
441 1915 474 1960 ut
494 1923 621 1971 cunum,
639 1902 682 1961 sic
698 1903 845 1981 impetum
861 1905 1083 1975 benevolentias,
1099 1927 1158 1983 quo

207 2012 333 2068 utamur,
350 1998 435 2074 quasi
459 1998 542 2074 equis
567 1998 695 2068 tentatis,
717 1999 759 2057 ric
784 1999 928 2068 amicitiis,
951 2000 1049 2076 eliqua
1072 2014 1157 2079 parte

207 2093 379 2172 periclitatis
401 2093 533 2151 moribus
554 2093 725 2153 amicorum.
766 2093 898 2166 Quidam
920 2115 1003 2172 saepe
1017 2095 1048 2152 in
1065 2116 1158 2174 parva

206 2189 333 2266 pecunie
353 2187 578 2267 perspiciuntur,
600 2210 689 2266 quam
717 2189 775 2248 sint
796 2193 895 2262 leves3
928 2191 1058 2267 quidam,
1081 2210 1157 2268 quos

207 2304 298 2362 parva
317 2304 438 2342 movere
457 2304 515 2340 non
535 2285 641 2362 potuit,
658 2299 878 2362 cognoscuntur
897 2285 929 2343 in
949 2305 1063 2362 magne.
1103 2285 1157 2343 Sin

207 2392 295 2436 erunt
309 2379 402 2456 aliqui
415 2379 536 2458 reperti,
551 2380 600 2455 qui
614 2380 773 2457 pecuniam
787 2379 928 2458 praeferre
943 2379 1080 2437 amicitiae
1093 2399 1155 2437 sor·

135 2535 137 2538 ,
207 2473 310 2531 didurn
321 2475 480 2533 exstiment
487 2497 495 2545 ;
514 2473 564 2532 ubi
576 2493 627 2532 eos
638 2474 831 2541 inveniemus,
841 2473 893 2549 qui
903 2474 1036 2541 honores,
1049 2473 1155 2551 magis·

206 2580 307 2635 tretus,
322 2569 455 2646 imperia,
470 2581 637 2646 potestates,
652 2588 725 2645 opes
740 2567 875 2626 amicitiae
889 2587 950 2624 non
964 2580 1154 2649 anteponent,

206 2674 248 2730 ut,
263 2681 330 2718 cum
349 2683 387 2720 ex
404 2664 499 2721 altera
514 2675 597 2740 parte
614 2663 766 2741 preposite
781 2663 845 2720 haec
862 2662 928 2732 sint,
942 2682 983 2720 ex
999 2664 1091 2731 altere
1102 2662 1154 2741 jus

207 2755 353 2824 amicitiae,
367 2777 426 2814 non
443 2759 534 2816 multo
547 2758 600 2816 illa
616 2757 738 2816 malintl
779 2758 937 2817 Imbecilla
953 2759 1033 2816 enim
1049 2772 1156 2818 nature

206 2863 252 2907 est
265 2849 300 2908 ed
312 2853 557 2910 contemnendam
572 2852 754 2931 potentiam:
777 2874 865 2930 quarn
880 2854 970 2919 etiam
982 2853 1007 2912 si
1018 2856 1156 2932 neglecta

207 2944 336 3002 amicitia
357 2947 508 3005 consecuti
526 2961 601 3017 sunt,
619 2948 806 3005 obscuratum
823 2948 859 3004 iri
879 2948 1067 3017 arbitrentur,
1086 2949 1157 3026 quia

205 3059 263 3098 non
281 3041 344 3099 sina
361 3062 470 3120 magne
486 3063 577 3100 causa
595 3043 632 3100 sit
652 3045 788 3120 neglecte
799 3029 944 3102 amicitia.
984 3048 1032 3100 64.
1049 3043 1155 3121 Itaque

206 3155 284 3192 verae
301 3135 437 3194 amicitiae
450 3136 624 3194 difficillime
640 3137 832 3215 reperiuntur
847 3138 878 3195 in
896 3138 941 3206 iis,
955 3138 1007 3216 qui
1021 3139 1050 3196 in
1065 3139 1155 3197 hono·

205 3229 287 3287 ribus
299 3251 392 3308 reque
406 3231 528 3308 publica
540 3245 703 3290 versentur.
743 3232 805 3291 Ubi
816 3232 894 3291 enirn
909 3233 998 3290 istum
1012 3233 1154 3302 invenies,

209 3323 259 3399 qui
273 3324 415 3382 honorem
429 3325 514 3382 amici
529 3339 689 3408 anteponat
702 3328 779 3387 suoi
821 3327 928 3398 Quidl
949 3327 1012 3386 haec
1025 3341 1058 3386 ut
1071 3328 1155 3386 ornit-

205 3431 274 3486 tem,
284 3439 371 3495 quem
386 3440 500 3496 graves,
511 3441 599 3498 quarn
614 3421 748 3482 difficiles
761 3423 913 3501 plerisque
927 3423 1065 3480 videntur
1078 3423 1155 3480 cala·

205 3513 340 3571 mitatem
361 3515 536 3575 societates!
564 3516 693 3594 adquae
712 3537 773 3575 non
793 3529 837 3576 est
856 3518 944 3576 facile
964 3517 1084 3577 inventu
1103 3515 1155 3594 qui

205 3606 374 3668 descendet.
414 3609 606 3688 Quemquam
620 3612 735 3672 Ennius
748 3626 846 3672 recte:
892 3631 897 3639 ·

382 3705 500 3765 Animas
513 3717 602 3764 cerem
614 3708 647 3765 in
659 3728 690 3765 re
702 3709 810 3766 inemo
824 3709 967 3766 emitur:

205 3809 307 3858 tamen
328 3801 394 3859 hec
416 3799 476 3858 duo
499 3801 624 3860 levitatis
647 3816 678 3861 et
701 3803 878 3864 infirmitatis
900 3806 1060 3884 plerosque
1083 3821 1152 3862 con·

1325 1373 1331 1418 t
