2664 4508
416 327 488 369 srvs
505 329 547 370 ss
564 329 872 376 senscrura-csr.
888 335 944 378 ιιι.
1117 323 1155 386 lh

203 458 308 527 aetsfim
322 457 348 516 si
362 457 483 536 quidem
497 457 529 516 id
543 460 640 520 aufert
651 461 748 534 nobis,
757 462 838 541 qued
851 475 898 524 est
911 465 942 524 in
955 465 1157 530 adolmesntis

202 552 436 614 vitiosissimum!
476 554 618 635 Accipite
632 555 724 628 enim,
734 557 839 638 optimi
852 559 1064 635 adolescentes,
1074 577 1155 626 rete·

201 667 266 705 rem
292 648 457 708 orationem
472 649 617 730 Archytm
635 651 799 724 Tarentini,
817 656 919 750 magni
941 655 974 715 in
995 659 1101 736 primis
1123 672 1156 720 et

200 742 338 820 praeclari
350 743 416 814 viri,
429 765 496 821 qum
509 745 583 804 mihi
595 747 703 806 tradita
715 761 770 818 est,
785 769 854 808 curs
867 770 964 810 essem
981 751 1155 816 adolescens

202 836 328 896 Tarenti
343 859 413 898 eum
427 838 623 911 QMaximo.
664 842 787 902 Nullam
806 843 1010 924 capitaliorem
1025 860 1153 928 pestem,

200 955 292 1014 quam
313 937 447 1016 eorporis
467 939 663 1017 voluptatem,
679 939 850 1000 hominibus
870 941 990 1002 dicebat
1008 962 1026 1002 s
1047 955 1154 1004 natura

132 1082 137 1086 ,
200 1029 315 1091 datam:
333 1033 588 1112 cujusvoluptatie
600 1033 695 1094 svidae
702 1034 843 1096 libidines
851 1049 963 1096 temere
971 1050 1003 1097 et
1010 1039 1153 1098 effrenae

200 1125 240 1184 ad
249 1126 429 1204 potiendum
438 1127 642 1188 incitarentur.
681 1133 730 1188 40.
748 1128 830 1188 Hinc
842 1131 947 1211 patrius
959 1132 1152 1211 proditiones,

198 1220 270 1280 hine
280 1222 569 1301 rerumpublicarum
579 1223 758 1294 eversiones,
768 1225 838 1283 hino
849 1245 917 1284 cum
925 1227 1060 1288 hostibus
1073 1230 1153 1288 clun·

198 1315 316 1374 destina
336 1317 485 1394 colloquia
503 1317 604 1390 nesci3
619 1319 745 1384 ,nullum
765 1317 894 1397 denique
913 1321 1021 1392 scelus,
1037 1323 1153 1382 nullum

197 1413 311 1470 malum
332 1410 448 1470 facinus
470 1429 548 1482 esse,
565 1411 605 1473 nd
627 1411 708 1490 quod
731 1414 955 1494 suscipiendum
977 1435 1036 1474 nou
1057 1417 1153 1478 libido

197 1507 358 1586 voluptatis
373 1507 560 1586 impelleret3
581 1519 686 1586 stupra
702 1525 784 1578 vem,
800 1519 831 1566 et
848 1509 1000 1582 adulteria,
1016 1523 1049 1570 et
1064 1531 1153 1572 omne

197 1605 257 1662 tale
267 1602 424 1680 flagitium,
432 1602 521 1660 nullis
532 1601 658 1661 excitari
672 1601 737 1662 aliis
751 1595 910 1675 illecebris,
919 1604 976 1664 uisi
984 1607 1152 1686 voluptatis.

198 1699 337 1776 Cumque
353 1695 467 1756 homini
487 1695 551 1756 sive
570 1709 688 1768 natura,
704 1696 768 1756 sive
783 1697 850 1776 quis
866 1697 941 1759 deus
960 1699 1035 1760 nihil
1052 1713 1152 1762 mente

70 1821 73 1832 ·
198 1792 395 1872 praestabilius
410 1792 562 1864 dedisset;
585 1793 656 1852 huic
673 1792 774 1852 divino
794 1793 911 1854 muneri
928 1814 963 1856 ac
980 1794 1060 1855 dono
1079 1796 1153 1856 nihil

197 1891 266 1948 esse
287 1901 349 1947 tem
367 1889 534 1959 inimicum,
551 1907 642 1967 qnam
663 1889 857 1968 voluptatem.
907 1895 956 1950 41.
978 1891 1046 1950 Nec
1070 1891 1152 1951 enim

197 1983 321 2045 libidine
329 1985 712 2065 dominantetemperantiae
720 1988 820 2046 locum
829 2007 908 2059 esse;
923 2007 1023 2066 neque
1031 1988 1152 2047 omnino
1275 2067 1279 2076 k

196 2081 229 2138 in
241 2082 400 2160 voluptatis
411 2101 507 2161 reguo
519 2082 660 2140 virtutem
673 2101 766 2160 posse
779 2081 949 2142 consistere.
989 2081 1151 2162 Quodque

196 2177 292 2256 magis
304 2177 431 2256 intelligi
444 2189 557 2257 posset,
569 2176 684 2255 fingere
701 2175 800 2235 animo
811 2177 939 2255 jubebat
951 2189 1035 2236 tanta
1047 2177 1151 2236 incito·

196 2283 262 2329 tum
285 2270 413 2348 aliquem
435 2271 588 2350 voluptate
611 2267 755 2348 corporis,
776 2280 889 2348 quanta
910 2268 1026 2348 percipi
1048 2285 1152 2348 posset

195 2365 343 2428 maxims:
363 2365 477 2425 nemini
488 2365 631 2424 censebat
640 2363 705 2424 fore
716 2363 850 2434 dubium,
860 2363 931 2441 quin
945 2362 1069 2434 tamdiu,
1078 2363 1151 2424 dum

195 2463 236 2522 ite
249 2461 403 2542 gauderet,
417 2462 493 2520 nihil
506 2461 620 2540 agitare
633 2473 745 2531 mente,
758 2459 832 2518 nihil
844 2460 968 2530 ratione,
982 2459 1054 2518 nihil
1068 2459 1149 2538 eogi-

194 2558 306 2618 tatione
320 2557 461 2636 consequi
471 2569 581 2636 posset
621 2555 774 2630 Quocirca
786 2554 859 2614 nihil
869 2573 935 2614 esse
949 2567 1010 2614 tam
1021 2554 1148 2616 detesta-

192 2653 396 2732 bile,tsmque
409 2653 594 2734 pestiferum,
603 2673 691 2732 quum
701 2654 903 2742 voluptateme
925 2653 951 2712 ei
965 2652 1087 2732 quidem
1101 2673 1147 2726 ea,

193 2769 262 2809 cum
275 2751 372 2831 major
385 2761 465 2810 esset
474 2761 568 2827 atque
579 2750 705 2828 longior,
717 2768 806 2808 omne
819 2747 911 2807 animi
922 2748 1025 2809 lumen
1038 2749 1148 2808 exstin-
1238 2813 1244 2824 ,

193 2858 307 2925 guenet.
347 2846 426 2906 Haeo
440 2865 510 2904 cum
524 2844 841 2917 aperuissemus,
855 2855 941 2924 patre
957 2845 1030 2924 ejus,
1044 2864 1064 2903 a
1077 2865 1146 2924 quo,

84 2943 91 2968 ⁴
192 2941 330 3002 Caudino
343 2942 459 3021 proelio,
473 2941 527 3021 Sp.
535 2925 720 3010 Postumius]
731 2940 930 3012 T.Veturius,
939 2941 1086 3013 consules,
1097 2962 1145 3000 su·

191 3037 290 3117 perati
299 3050 375 3108 sunt,
383 3039 517 3098 locumm
524 3037 699 3115 Archytam,
709 3035 867 3094 Nearchus
877 3035 1067 3106 Tarentinus,
1077 3036 1145 3096 hos·

190 3154 247 3213 pes
266 3147 377 3205 noster,
394 3133 447 3212 qui
462 3134 494 3192 in
514 3131 646 3192 amicitia
664 3130 771 3212 populi
786 3129 915 3190 Romani
931 3135 1155 3211 permanserat,

190 3248 224 3288 se
246 3249 264 3288 a
283 3217 445 3310 majoribus
468 3243 541 3289 natu
562 3229 714 3308 accepisse
734 3227 862 3300 dicebat,
879 3248 949 3287 oum
970 3227 1093 3306 quidem
1115 3227 1145 3288 ei

191 3325 324 3384 sermoni
339 3327 522 3387 interlirisaet
537 3325 628 3385 Plato
644 3324 854 3384 Atheniensis:
875 3343 964 3401 quem
979 3323 1144 3382 Tarentum

189 3420 316 3492 venisse,
334 3423 372 3481 L.
386 3422 523 3493 Camillo,
542 3419 645 3500 Appio
665 3419 802 3487 Claudio,
819 3417 999 3487 oonsulibus,
1015 3417 1143 3494 reperio.

189 3519 238 3574 42.
257 3515 393 3588 Quorsus
402 3518 486 3578 haeol
522 3517 567 3576 Ut
575 3513 755 3590 intelligetis,
763 3512 978 3589 sivoluptatem
989 3513 1144 3591 aspernari

188 3611 303 3671 ratione
328 3626 359 3672 et
382 3613 528 3692 sapientia
550 3630 610 3669 non
632 3625 797 3685 possemus,
817 3623 956 3683 maguam
977 3607 1143 3668 habendam

187 3708 336 3769 senectuti
357 3709 495 3790 gratiam,
512 3725 580 3784 qum
600 3700 742 3772 effecerit,
759 3712 792 3760 ut
806 3698 838 3758 id
854 3720 914 3760 non
929 3701 1045 3774 liberet,
1063 3746 1066 3754 .
