2664 4508
189 382 229 440 ld
416 403 450 446 ιι.
466 404 496 446 r.
513 405 677 449 oroaaoms
695 407 776 450 caro
793 407 905 458 natos,

186 551 246 592 non
260 544 418 615 oporteret.
457 533 589 613 Impedit
602 535 680 594 enim
693 533 845 594 consilium
856 535 990 613 voluptas
996 554 1012 606 p
1024 535 1129 596 rationi

187 631 306 692 inimica
325 643 371 690 est
391 651 426 689 ac
446 633 554 691 mentis
575 634 619 711 (ut
635 633 677 690 ita
694 629 801 704 dicam)
818 632 996 710 praestn'ngit
1016 636 1129 704 oculos,

186 745 243 786 nec
258 729 345 786 habet
360 726 453 784 ullum
469 746 536 784 curn
555 728 659 785 virtute
674 726 891 784 commercium.
932 727 1044 786 Invitus
1060 729 1128 799 feci,

186 832 219 877 ut
235 819 383 878 fortissimi
399 820 455 878 viri
470 821 506 878 T.
515 818 674 878 Flaminini
690 819 821 891 fratrem,
836 820 871 878 L.
882 821 1092 892 Flamininum,
1111 845 1129 882 e

185 927 290 971 senatu
310 913 459 992 ejicerem,
478 927 592 991 septem
613 912 695 971 anuis
708 927 869 991 postquam
889 919 992 976 consul
1007 917 1127 977 fuisset:

184 1006 237 1064 sed
249 1008 406 1066 notandam
415 1008 516 1086 putavi
526 1007 688 1066 libidinem.
729 1008 787 1067 Ille
800 1011 878 1066 enirn
892 1029 960 1068 cum
973 1025 1051 1071 esset
1061 1033 1128 1070 con·

184 1101 230 1158 sul
254 1101 284 1158 in
302 1101 556 1170 Gallia,ex0ratns
572 1102 602 1159 in
620 1103 753 1162 convivio
770 1124 788 1161 a
803 1117 900 1162 scorto
915 1118 969 1174 est,
984 1118 1017 1164 ut
1032 1101 1131 1166 securi
1198 1089 1205 1102 ⁹

184 1194 286 1253 feriret
306 1197 435 1275 aliquem
452 1215 563 1264 eorum,
577 1196 670 1272 quiin
687 1197 809 1256 vinculis
826 1211 925 1258 essent
940 1198 1069 1260 damnati
1085 1201 1130 1259 rei

185 1289 327 1368 capitalis.
375 1291 437 1350 Hic
455 1290 533 1359 Tito,
550 1291 641 1350 fratre
664 1311 728 1361 suo,
746 1313 870 1352 censore
891 1294 957 1372 (qui
976 1295 1129 1372 proximus

185 1395 254 1442 ante
275 1404 323 1442 me
339 1382 456 1459 fiterat),
472 1383 589 1460 elapsus
606 1396 667 1442 est:
689 1384 761 1442 mibi
775 1403 845 1442 vero
861 1397 892 1443 et
904 1385 1015 1444 Flacco
1032 1387 1129 1444 neuti-

185 1477 410 1558 quamprobari
424 1477 522 1555 potuit
537 1490 598 1536 tam
613 1477 759 1556 flagitiosa
773 1490 804 1536 et
820 1490 880 1536 tam
896 1479 1013 1557 perdita
1028 1478 1128 1548 libido,

186 1593 252 1652 qum
266 1593 334 1632 cum
347 1575 456 1651 probro
468 1572 586 1652 privato
599 1573 793 1650 conjungeret
805 1572 923 1652 imperii
937 1573 1076 1632 dedecus.

224 1764 313 1824 XIII.
335 1769 382 1822 43.
399 1763 488 1842 Saepe
505 1762 605 1822 audivi
619 1782 637 1820 a
653 1762 812 1840 majoribus
828 1776 908 1833 natu,
922 1763 974 1842 qui
990 1785 1024 1824 so
1041 1784 1130 1844 porro

185 1879 293 1940 pueros
306 1879 325 1916 a
338 1858 457 1916 senibus
476 1857 593 1916 audisse
607 1855 761 1924 dicebant;
783 1857 884 1916 mirari
897 1858 1016 1918 solitum
1029 1859 1064 1918 Ο.
1073 1858 1130 1918 Fe·

184 1954 319 2024 bricium,
333 1951 422 2032 quod,
437 1972 503 2011 cum
524 1951 606 2031 apud
622 1971 725 2030 regem
741 1952 889 2030 Pyrrhum
907 1952 1020 2030 legatus
1040 1965 1129 2024 esset,

133 2111 138 2124 ,
185 2049 318 2108 audisset
331 2069 349 2106 a
363 2048 506 2106 Thessalo
521 2046 625 2116 Cinea,
640 2067 704 2105 esse
719 2043 1016 2124 quendam'Athenis,
1032 2049 1083 2125 qui
1097 2069 1129 2115 se

186 2129 349 2223 sapientem
362 2142 548 2221 profiteretur
556 2165 564 2214 ;
586 2162 714 2220 eumque
728 2143 838 2212 dicere,
853 2141 960 2212 omnia,
971 2163 1038 2221 quae
1052 2143 1129 2202 sece-

184 2257 293 2308 remus,
308 2237 346 2297 ad
359 2239 540 2316 voluptatem
554 2257 620 2298 esse
634 2237 799 2297 referenda.
840 2237 931 2311 Quod
945 2258 984 2297 ex
998 2258 1035 2297 eo
1048 2238 1129 2297 audi·

185 2344 268 2391 entes
283 2333 336 2392 M’.
345 2333 469 2392 Curium
483 2346 514 2393 et
526 2331 561 2390 T.
572 2333 791 2394 Coruncanium
808 2323 910 2411 optare
927 2334 1036 2402 soiitos,
1047 2345 1083 2391 ut
1097 2333 1129 2390 id

185 2427 375 2499 Samnitibus,
396 2429 512 2508 ipsique
532 2429 655 2506 Pyrrho
674 2415 913 2506 persuaderetur,
930 2443 990 2506 quo
1013 2427 1128 2486 facilius

184 2521 261 2581 vinci
281 2535 412 2601 possent,
432 2543 501 2580 cum
524 2541 556 2580 se
577 2521 777 2599 voluptatibus
799 2520 957 2582 dedissent
1002 2523 1130 2580 Vixerat

185 2617 238 2676 M'.
247 2618 356 2676 Curius
367 2637 434 2676 curn
446 2616 482 2674 P.
491 2615 597 2686 Decio,
607 2615 668 2692 qui,
680 2615 882 2693 quinquennio
896 2631 963 2680 ante
978 2639 1048 2677 eum
1062 2637 1128 2676 con·

184 2716 288 2784 sulem,
297 2733 329 2772 se
338 2711 553 2791 prorepublica
561 2722 665 2788 quarto
674 2712 826 2770 consulatu
834 2711 1000 2772 devoverat
1032 2713 1129 2770 Norat

184 2809 314 2867 eundem
329 2805 494 2876 Fabricius,
511 2817 594 2864 norat
611 2806 834 2866 Coruncanius:
858 2807 909 2884 qui
930 2828 996 2876 cum
1016 2827 1056 2864 ex
1075 2825 1130 2864 sua

183 2903 252 2974 vita,
269 2915 332 2963 tum
351 2923 390 2960 ex
410 2902 484 2982 ejus,
500 2920 589 2976 quem
605 2899 681 2971 dico,
697 2901 734 2960 P.
744 2901 834 2960 Decii
849 2901 927 2960 facto
942 2901 1128 2980 judicabant,

183 3018 250 3057 ease
267 2999 399 3078 profecto
416 2996 528 3074 aliquid
544 3009 649 3056 natura
664 2996 823 3074 pulchrum
840 3007 929 3073 atque
944 2995 1128 3074 preclarum,

184 3093 262 3171 quod
279 3113 333 3153 sue
351 3105 456 3170 sponte
474 3104 631 3169 peteretur,
646 3091 796 3169 quodque,
813 3103 913 3168 spreta
933 3102 964 3148 et
981 3101 1129 3148 contemta

183 3191 347 3268 voluptate,
369 3186 497 3266 optimus
521 3186 646 3264 quisque
673 3189 863 3262 sequereturg
905 3189 953 3244 44.
975 3184 1128 3256 Quorsum

183 3283 274 3362 igitur
287 3296 347 3342 tarn
361 3283 454 3340 muita
463 3281 502 3339 de
512 3281 680 3358 voluptate?
698 3279 768 3356 quia
780 3298 842 3338 nou
850 3279 940 3339 modo
949 3279 1128 3358 vituperatio
1225 3329 1228 3334 ,

183 3378 272 3446 nuile,
283 3375 437 3434 sedetiam
450 3393 566 3432 summa
576 3373 641 3449 laus
655 3371 814 3430 senectutis
825 3384 880 3442 cst,
892 3371 971 3450 quod
981 3373 1128 3452 eavolup·

182 3484 256 3532 tates
273 3472 368 3530 nullas
387 3488 567 3547 magnopere
587 3466 826 3528 desiderat-At
849 3479 932 3526 caret
952 3467 1058 3546 epulis,
1078 3485 1128 3526 ex·

183 3567 357 3645 structisque
376 3565 495 3634 mensis,
512 3563 759 3641 etfrequentibus
779 3563 1036 3642 poculis-Caret
1056 3581 1128 3640 ergo

183 3663 273 3722 etiam
292 3662 461 3732 unolantia,
479 3673 509 3720 et
529 3659 682 3731 cruditate,
699 3671 730 3718 et
747 3659 908 3720 insomniis.
932 3697 933 3702 κ
954 3659 1016 3718 Sed
1033 3658 1058 3717 si
1075 3657 1127 3715 ali·
1190 3717 1191 3720 ,
1268 3697 1277 3714 .

184 3757 257 3839 quid
273 3756 403 3818 dandum
424 3769 470 3816 est
490 3755 641 3838 voluptati,
659 3755 797 3836 quoniam
819 3755 883 3836 ejus
899 3753 1049 3816 blanditiis
1068 3771 1130 3810 non
