2698 4508
417 461 489 504 srva
506 459 549 504 ne
560 459 835 504 surmus—car.
849 459 941 504 xxm.
1120 449 1163 508 m

245 591 370 654 XXIII.
391 595 438 652 86.
456 591 529 665 Quo
542 590 633 651 etiam
646 591 743 671 magis
753 591 951 672 vituperanda
965 603 1010 652 est
1023 594 1067 653 rei
1082 615 1163 656 max·

204 691 267 750 imo
284 689 460 749 necessariae
480 700 560 747 tenta
576 688 699 748 incuria.
739 689 809 748 Una
827 701 874 748 est
890 690 970 748 onim
989 691 1120 754 amicitia
1131 694 1163 752 in

206 788 297 848 rebus
314 785 461 852 humanis,
477 782 516 842 de
535 783 621 861 cujus
637 783 764 842 utilitate
780 804 884 845 omnes
900 804 960 844 uuo
975 805 1028 845 ore
1041 806 1163 846 consen·

207 883 300 941 tient:
332 898 512 958 quemquam
536 899 560 959 a·
577 879 676 938 multis
697 879 764 957 ipse
783 880 877 938 virtus
904 881 1111 953 contemnitur,
1134 894 1165 942 ct

206 976 370 1037 venditatio
387 974 526 1053 quaedam
544 985 635 1050 etque
654 973 813 1032 ostentatio
831 995 899 1034 esse
917 975 1034 1035 dicitur.
1075 977 1164 1037 Multi

204 1072 325 1131 divitias
349 1069 529 1148 despiciuntr
549 1089 625 1147 quos
649 1089 742 1148 parvo
769 1083 923 1130 contentos
951 1072 1048 1132 tenuis
1069 1073 1163 1132 victus

207 1169 363 1245 cultusque
379 1166 508 1225 delectat
516 1187 524 1237 ς
546 1165 674 1223 bonores
688 1184 770 1235 vero,
782 1185 909 1244 quorum
923 1167 1085 1245 cupiditate
1100 1169 1163 1246 qui·

206 1263 277 1322 dam
298 1263 525 1332 inflammantur,
543 1281 631 1338 quam
655 1260 742 1318 multi
758 1259 799 1320 ita
819 1274 1071 1333 contemnebant
1090 1264 1164 1323 nibil

204 1358 334 1428 inanius,
351 1357 426 1415 nibil
442 1357 536 1416 levius
561 1376 627 1414 esse
652 1355 839 1415 existiment!
892 1356 1030 1434 Itemque
1054 1371 1163 1428 cetere,

207 1473 274 1530 quae
294 1453 476 1531 quibusdem
497 1450 682 1510 admirabilia
699 1449 849 1522 videntur,
865 1453 1005 1531 permulti
1022 1466 1097 1523 sunt,
1112 1454 1163 1532 qui

205 1568 261 1628 pro
284 1549 377 1606 nihilo
398 1560 513 1627 putent.
554 1545 603 1604 De
628 1545 759 1604 amicitia
781 1567 886 1606 omnes
910 1547 949 1606 ad
968 1569 1061 1606 unum
1082 1549 1164 1608 idem

207 1646 347 1714 sentiunt,
363 1657 395 1703 et
407 1643 438 1714 ii,
454 1643 505 1721 qui
520 1641 558 1702 ad
571 1641 789 1721 rempublicam
809 1663 841 1702 se
861 1644 1065 1715 contulerunt3
1086 1657 1118 1703 et
1130 1644 1163 1715 ii,

207 1740 258 1819 qui
274 1759 375 1799 rerum
397 1738 567 1819 cognitione
583 1737 780 1816 doctrinaque
797 1738 998 1812 delectantur;
1021 1753 1052 1800 et
1067 1741 1097 1812 ii,
1112 1742 1164 1820 qui

202 1856 295 1894 suum
314 1835 470 1914 negotium
491 1846 599 1914 gerunt
619 1833 706 1894 otiosi
716 1857 723 1906 ;
749 1848 902 1913 postremo
920 1836 951 1907 ii,
965 1837 1018 1913 qui
1035 1857 1068 1896 se
1088 1848 1164 1896 totos

207 1930 394 1990 tradiderunt
405 1929 615 2010 voluptatibus,
629 1930 692 1988 sine
706 1930 838 1990 amicitia
852 1931 943 1990 vitam
959 1951 1027 1992 esse
1040 1934 1162 2003 nullam,

206 2026 233 2085 si
243 2027 333 2086 modo
343 2027 435 2086 velint
448 2026 550 2104 aliqua
560 2045 599 2084 ex
608 2039 693 2104 parte
704 2025 869 2084 liberaliter
877 2027 988 2086 visere.
1029 2034 1078 2087 87.
1092 2029 1162 2088 Ser·

205 2122 253 2202 pit
266 2124 346 2181 enim
359 2123 459 2182 nescio
470 2121 620 2200 quomodo
631 2141 687 2200 per
697 2121 829 2180 omnium
840 2121 931 2181 vitam
942 2123 1087 2196 amicitie3
1106 2145 1164 2186 nec

207 2220 297 2278 ullam
309 2217 404 2278 aetatis
415 2215 560 2298 degendae
572 2217 717 2276 rationem
728 2217 843 2294 patitur
855 2237 923 2276 esse
938 2231 1093 2296 expertem
1107 2221 1163 2279 sui.

208 2314 384 2387 Quinetiam
396 2313 499 2392 siquis
513 2333 551 2373 ea
564 2312 723 2392 asperitate
737 2325 792 2382 est,
803 2325 834 2371 et
843 2312 1025 2372 immanitate
1040 2327 1162 2385 saturer,

207 2430 383 2488 congressus
397 2421 432 2468 ut
445 2409 598 2468 bominum
610 2408 705 2486 fugiet
718 2420 807 2485 atquo
821 2407 927 2479 oderit,
939 2410 1059 2486 qualem
1070 2408 1163 2468 fuisse

207 2506 334 2564 AthenIs
346 2504 506 2564 Timonem
519 2504 622 2564 nescio
636 2523 725 2582 quem
740 2503 927 2582 accepimus;
948 2517 1048 2563 tamen
1061 2505 1087 2562 is
1100 2505 1163 2584 pati

205 2621 267 2660 non
282 2601 384 2680 possit,
396 2614 431 2659 'ut
446 2621 508 2659 non
525 2600 664 2678 anquirat
683 2601 822 2678 aliquem,
837 2599 918 2679 apud
936 2621 1026 2680 quem
1044 2614 1163 2660 evomet

206 2697 289 2757 virus
302 2698 471 2758 acerbitatis
487 2717 559 2756 snae.
594 2698 700 2774 Atque
715 2697 772 2755 boc
786 2697 917 2756 maxime
927 2698 1122 2778 judicaretur,
1136 2698 1163 2757 si

207 2793 279 2871 quid
295 2796 355 2853 tale
372 2806 476 2872 posset
496 2793 678 2872 confingere,
696 2805 729 2851 ut
749 2791 855 2871 aliquis
875 2807 930 2853 nos
951 2794 1026 2856 deus
1047 2813 1086 2852 ex
1106 2795 1174 2854 bac-

206 2889 358 2950 bominum
372 2889 539 2967 frequentia
558 2890 686 2960 tolleret,
701 2902 732 2948 et
744 2890 774 2948 in
796 2890 956 2949 solitudine
970 2892 1087 2971 uspiam
1100 2893 1162 2951 col-

202 2985 327 3055 locaret,
338 2997 427 3063 etque
439 2985 481 3043 ibi
494 2985 688 3064 suppeditans
703 2985 834 3044 omnium
847 3005 955 3056 nomm,
967 3006 1041 3064 quas
1055 3000 1162 3046 nature

205 3078 367 3150 desideret,
382 3080 593 3139 abundantiam
608 3094 637 3139 et
650 3080 775 3160 copiam,
788 3081 916 3140 bominis
929 3082 1050 3140 omnino
1063 3081 1161 3161 adspi-

206 3174 305 3233 ciendi
319 3188 497 3254 potestetem
518 3175 655 3253 eriperet.
697 3176 776 3248 Quis
796 3188 857 3235 tam
879 3190 957 3236 esset
972 3177 1095 3246 ferreus,
1110 3176 1161 3254 qui

204 3291 273 3330 eam
290 3271 380 3329 vitem
392 3271 471 3330 ferre
488 3283 597 3351 posset,
612 3271 719 3350 cuique
740 3292 797 3330 non
819 3273 949 3332 auferret
966 3271 1096 3330 fructum
1111 3291 1160 3329 vo·

205 3366 355 3444 luptatum
378 3367 512 3426 omnium
532 3367 683 3426 solitudol
725 3372 772 3427 88.
790 3369 906 3426 Verum
927 3388 999 3446 ergo
1016 3365 1088 3425 illud
1106 3379 1159 3437 eet,

205 3461 286 3539 quod
300 3482 317 3521 a
329 3462 494 3522 Tarentino
505 3465 648 3541 Archyta,
662 3477 695 3522 nt
708 3464 820 3542 opinor,
831 3463 891 3522 dici
905 3464 1034 3532 solitum,
1046 3475 1160 3522 nosnos

204 3577 292 3616 senes
316 3579 551 3618 commemorare
575 3559 685 3629 audiui,
708 3560 746 3617 ab
770 3557 834 3616 aliis
860 3557 981 3615 senibus
1008 3557 1159 3618 auditumt

205 3661 224 3686 ⁴⁴
235 3653 272 3712 si
285 3655 350 3731 quie
365 3656 397 3713 ia
413 3655 514 3713 coelnsm
530 3654 709 3724 ascendisset,
722 3665 914 3730 aetatemque
929 3653 1039 3723 mnndi,
1054 3664 1081 3711 et
1092 3653 1160 3730 pal·

203 3749 396 3809 chritodiacm
411 3749 540 3809 sidetem
554 3750 753 3827 perspecere,
766 3750 915 3808 iescam
928 3748 1014 3807 illam
1027 3748 1160 3808 admiro-

203 3844 308 3904 oseem
331 3847 358 3904 ei
369 3847 451 3925 fore,
471 3865 535 3925 quc
547 3845 762 3925 jocundissima
774 3844 893 3925 suisset,
913 3845 939 3904 si
957 3843 1095 3923 aliquem,
1112 3845 1160 3905 cui
