2698 4508
226 454 271 514 08
502 466 535 508 u.
551 467 581 508 r.
598 465 761 510 creuaorus
779 465 910 519 auarus,
931 523 942 538 ἱ

228 599 373 686 Romani,
387 618 446 657 non
466 597 606 658 comitem
620 597 760 656 diceres·
800 597 862 666 Sed
881 597 1060 668 affuistiset
1081 599 1177 658 estin
1211 571 1216 579 ’

222 695 364 752 ‚manibus
386 694 490 752 oratio.
531 693 635 770 Itaque
655 695 706 752 lex
728 691 881 771 popularis
903 693 1050 770 suffragiis
1070 693 1177 771 populi

226 788 383 867 repudi-ata
399 802 452 856 est.
492 789 600 864 Atque,
616 802 649 848 ut
665 789 703 848 ad
720 809 769 846 me
787 787 920 857 redeam,
935 789 1120 858 meministis,
1135 790 1176 860 Q.

228 885 371 954 Maximo,
382 885 471 944 fratre
486 884 642 962 Scipionis,
653 898 687 944 et
698 886 735 946 L.
746 883 885 946 Mancino
898 885 1078 953 oonsulibus,
1088 905 1176 962 quam
1241 949 1246 958 ,
1335 861 1336 879 .

222 963 378 1058 popularis
395 965 445 1038 leit
460 979 500 1038 de
522 980 697 1038 sacerdotiis
714 979 750 1038 C.
760 979 870 1038 Licinii
887 979 987 1040 Crassi
1002 979 1175 1038 videbatur:

220 1075 376 1153 cooptatio
395 1075 477 1133 enim
496 1075 693 1152 collegiorum
714 1075 753 1133 ad
769 1074 874 1153 populi
890 1074 1068 1140 beneficium
1087 1089 1178 1135 trans·

224 1168 383 1230 ferebatur.
417 1171 519 1246 Atque
530 1169 556 1226 is
566 1170 679 1248 primus
690 1169 857 1230 instituitis
868 1169 968 1228 forum
977 1189 1078 1228 versus
1089 1189 1178 1247 agere

220 1280 293 1320 ‚oum
310 1264 441 1340 populo:
468 1274 566 1320 tamen
587 1261 666 1320 illius
687 1261 870 1322 vendibilem
891 1262 1054 1322 orationem
1074 1261 1179 1339 religio

226 1355 349 1416 deorum
363 1357 582 1426 immortalium,
592 1357 675 1419 nobis
687 1356 924 1424 defendentibus,
935 1357 1023 1416 facile
1034 1357 1179 1416 vincebat.

225 1452 326 1527 Atque
341 1451 371 1510 id
386 1465 484 1512 actum
501 1463 546 1512 est
560 1464 687 1529 praemre
708 1470 766 1519 me,
782 1451 983 1526 quinquennio
1005 1464 1071 1508 ante
1089 1470 1178 1526 quam

224 1546 328 1604 consul
345 1565 411 1602 sum
428 1543 531 1614 faetus.
581 1544 684 1621 Itaque
707 1565 741 1602 re
765 1545 871 1621 magis,
889 1564 978 1620 quam
1002 1545 1177 1604 auctoritate

222 1656 313 1694 ,causa
326 1637 379 1696 illa
392 1637 514 1697 defensa
527 1650 579 1696 est.

263 1825 383 1886 XXVI.
404 1826 563 1904 97.Quod
580 1825 604 1892 si
621 1825 651 1882 in
673 1843 772 1894 soene,
794 1823 826 1882 id
848 1837 900 1893 est,
913 1823 953 1890 ,in
976 1824 1128 1897 concione,
1145 1826 1177 1888 in

146 1931 149 1935 '
222 1941 284 1999 qua
303 1923 393 1980 rebus
414 1921 491 1980 fictis
509 1933 540 1978 et
557 1919 735 1979 adumbratis
752 1919 811 1980 loci
829 1921 988 1998 plurimum
1009 1932 1176 1989 esttamen

223 2037 329 2076 rerum
349 2018 438 2086 valet,
458 2016 483 2074 si
502 2015 591 2074 modo
610 2015 642 2073 id
661 2016 843 2094 patefactum
864 2029 895 2076 et
914 2017 1092 2076 illustratum
1115 2028 1175 2088 eet;

222 2113 298 2192 quid
312 2113 343 2171 in
360 2112 491 2199 amicitia
505 2110 571 2171 fieri
584 2124 712 2188 oportet,
725 2133 792 2189 qum
806 2125 868 2172 tota
881 2111 1005 2180 veritate
1020 2111 1176 2190 perpendi-

224 2210 294 2268 turl
315 2209 346 2266 in
360 2227 419 2285 qua
432 2207 496 2276 nisi,
512 2219 544 2264 ut
557 2205 672 2276 dieitur,
688 2221 825 2284 apertum
838 2221 944 2287 peetus
958 2207 1067 2276 videas,
1082 2221 1176 2266 tuum·

154 2297 157 2306 ’
193 2353 200 2364 ,
226 2323 286 2381 que
310 2303 452 2370 ostendes,
469 2302 542 2360 nihil
558 2301 660 2372 fidum,
677 2302 753 2360 nihil
773 2305 959 2381 exploratum
980 2303 1108 2372 habeas;
1138 2322 1177 2370 ne

226 2419 327 2458 amare
341 2399 469 2476 quidem,
482 2409 531 2455 aut
545 2397 646 2465 amari,
658 2417 736 2466 cum,
748 2396 777 2454 id
790 2417 878 2474 quam
893 2418 963 2456 vere
978 2397 1038 2464 fiat,
1049 2397 1176 2473 ignores.

225 2493 417 2570 Quamquam
431 2494 488 2552 ista
503 2491 809 2567 assentatio,quamvis
826 2491 990 2568 perniciosa
1006 2490 1053 2560 sit,
1066 2509 1177 2550 nocere

223 2601 324 2646 tamen
344 2587 456 2646 nemini
476 2598 586 2665 potest,
599 2585 658 2644 uisi
678 2584 717 2654 ai,
735 2585 787 2662 qui
809 2605 877 2644 eam
897 2584 1011 2662 recipit,
1030 2597 1117 2662 atque
1139 2606 1177 2644 es.
1212 2631 1214 2636 .

223 2680 396 2741 delectatur.
437 2681 484 2740 Ita
503 2681 544 2750 lit,
561 2693 593 2738 ut
613 2680 638 2738 is
662 2678 889 2748 assentatoribus
909 2680 1071 2758 patefaciat
1091 2701 1177 2740 aures

223 2795 291 2834 suas
307 2775 447 2846 maxime,
461 2776 515 2853 qui
529 2775 594 2853 ipse
610 2775 666 2840 sibi
681 2788 854 2844 assentetur,
870 2786 901 2832 et
916 2795 949 2833 se
967 2775 1095 2834 maxime
1110 2776 1176 2855 ipse

223 2868 362 2928 delectet.
401 2875 449 2928 98.
465 2870 595 2928 Omnino
610 2882 656 2928 est
670 2889 770 2928 amens
783 2869 829 2927 sui
839 2869 949 2940 virtus3
970 2870 1082 2948 optime
1096 2871 1177 2938 enim

222 2986 257 3026 se
270 2966 336 3044 ipsa
349 2966 438 3036 novit,
453 2985 601 3043 quemque
619 2966 753 3024 amabilis
769 2964 814 3034 sit,
828 2965 982 3043 intelligit:
1004 2985 1062 3042 ego
1076 2979 1176 3026 autem

224 3059 333 3121 nonde
344 3062 452 3123 virtute
465 3081 542 3118 nuuc
555 3062 667 3138 loquor,
679 3060 733 3118 sed
745 3059 784 3118 de
794 3060 911 3122 virtutis
925 3061 1073 3139 opinione.
1092 3123 1095 3128 ,
1107 3062 1175 3120 Vir·

223 3169 285 3216 tute
306 3157 385 3216 enim
401 3156 466 3234 ipsa
486 3157 545 3220 nori
566 3169 626 3214 tam
648 3155 730 3212 multi
746 3155 864 3233 praediti
884 3176 960 3226 esse,
975 3177 1064 3233 quam
1081 3157 1176 3218 videri

224 3253 335 3310 volunt.
376 3251 444 3322 Hos
462 3249 590 3322 delectat
615 3251 792 3320 assentatio;
819 3252 865 3310 his
883 3252 968 3314 lictus
989 3252 1027 3310 ad
1044 3253 1176 3331 ipsorum

222 3347 405 3408 ‚voluntatem
420 3365 519 3404 sermo
533 3365 600 3403 cum
615 3344 781 3415 adhibetur,
793 3347 957 3406 orationem
968 3347 1049 3406 illam
1059 3369 1175 3418 vanam,

221 3439 424 3498 testimonium
442 3460 508 3499 esse
522 3439 644 3500 laudum
661 3459 782 3500 suarum
796 3454 909 3520 putant.
952 3443 1048 3501 Nulla
1064 3456 1109 3501 est
1121 3443 1176 3520 igi-

222 3547 272 3592 tur
285 3535 349 3594 haeo
366 3536 585 3604 amicitiamn
603 3536 679 3596 alter
694 3557 798 3596 verum
815 3538 919 3597 audire
937 3559 998 3598 nou
1015 3540 1088 3608 vult,
1103 3539 1177 3598 alter

223 3629 260 3688 ad
274 3630 478 3690 mentiendum
492 3644 615 3710 paratus
632 3644 687 3693 eet.
728 3634 796 3694 Neo
809 3634 1003 3712 parasitorum
1018 3633 1049 3692 iu
1067 3653 1176 3692 comoe-

153 3721 162 3730 “
223 3724 282 3784 diis
302 3725 459 3786 assentatio
479 3725 565 3786 nobis
584 3725 682 3790 faceta
697 3727 860 3800 videretur,
874 3728 932 3790 nisi
950 3741 1048 3790 essent
1067 3727 1176 3796 militet

222 3819 355 3898 gloriosi.

1319 1367 1337 1424 sl
