2664 4508
208 467 251 526 40
478 479 512 522 u.
528 479 557 522 r.
574 477 736 522 cromerus
755 477 884 532 ennius,

205 633 267 672 non
287 610 374 670 modo
391 609 601 669 familiaritates
621 609 754 688 extingui
773 610 879 681 solere,
898 609 951 668 sed
972 609 1061 668 etiam
1083 609 1153 668 odia

207 707 288 785 gigni
304 705 490 782 sempiterna
530 705 608 763 Haec
625 705 666 762 ita
682 706 782 774 multa,
796 704 962 786 quasifata,
977 704 1152 783 impendere

206 801 349 870 amicitiis,
364 813 397 858 ut
411 799 511 858 omnia
524 800 731 877 subterfugere
745 819 805 859 non
819 800 907 859 modo
921 800 1084 879 sapientiae,
1099 797 1154 858 sed

204 897 292 956 etiam
305 893 454 954 felicitatis
468 895 583 954 diceret
595 895 651 954 sibi
664 895 767 955 rideri.

241 1086 297 1146 XI.
322 1091 369 1145 36.
390 1086 597 1158 Quamobrem
617 1085 649 1144 id
670 1086 800 1165 primum
819 1086 983 1157 rideamus,
1000 1086 1025 1144 si
1046 1064 1172 1164 placati

202 1193 347 1259 quatenus
375 1202 459 1241 amor
481 1182 512 1239 in
540 1181 668 1240 amicitia
692 1182 832 1260 progredi
850 1181 967 1241 debeat.
1017 1181 1108 1249 Num,
1129 1181 1155 1238 si
1305 1199 1315 1228 ⁸

204 1276 380 1336 Coriolanus
396 1275 500 1335 habuit
521 1277 641 1346 amicos,
654 1276 735 1334 ferre
752 1271 855 1335 contra
870 1278 995 1357 patriam
1017 1267 1096 1334 a'rma
1112 1275 1155 1333 illi

204 1392 273 1431 cum
291 1373 451 1433 Coriolano
469 1371 659 1431 debueruntl
679 1392 751 1430 num
765 1372 962 1430 Viscellinum
984 1371 1072 1430 amici
1088 1391 1155 1448 reg·

203 1487 276 1526 num
300 1481 503 1546 appetentem,
521 1487 593 1525 num
615 1467 668 1544 Sp.
682 1466 815 1524 Maelium
839 1465 1006 1523 debuerunt
1023 1464 1154 1543 juvarei

203 1567 251 1620 37.
271 1561 472 1637 Τὶϋ.’ῳιίὀέηι
486 1560 655 1619 Gracchum
675 1559 891 1636 rempublicam
907 1570 1064 1616 vexantem
1081 1558 1154 1630 aQ.

201 1655 363 1712 Tuberone
371 1651 596 1730 aequalibusque
606 1652 707 1711 amicis
717 1652 893 1709 derelictum
901 1643 1084 1710 ridebamus.
1112 1655 1155 1711 At

202 1749 237 1807 C.
244 1747 377 1805 Blossius
386 1747 551 1816 Cumanus,
559 1742 668 1825 hospes
677 1745 797 1804 familiae
808 1737 922 1814 vestrae,
933 1746 1074 1816 Soaevola,
1084 1764 1154 1806 oum

201 1842 240 1900 ad
256 1861 314 1911 me,
328 1841 380 1919 qui
394 1840 514 1898 aderam
530 1841 646 1900 Laenati
660 1852 690 1898 et
703 1839 826 1918 Rupilio
848 1831 1022 1899 consulibua
1034 1839 1065 1899 in
1084 1863 1154 1900 con-

200 1935 616 2015 silio,deprecatumvenisset,
624 1936 749 2006 hanc‚ut
759 1935 816 1994 sibi
825 1935 1023 2014 ignoscerem,
1032 1956 1153 1996 oausam

201 2033 350 2101 afferebat,
365 2031 446 2108 quod
462 2032 535 2090 tanti
547 2031 614 2089 Tib.
623 2030 796 2090 Gracchum
813 2031 941 2101 fecisset,
955 2044 996 2102 ut,
1008 2032 1154 2110 quidquid

200 2127 252 2185 ille
271 2128 371 2195 vellet,
389 2126 446 2184 sibi
463 2124 632 2184 faciendum
652 2138 780 2205 putaret
822 2126 901 2184 Tum
918 2147 985 2206 ego,
1003 2126 1152 2198 Etiamne,

201 2223 330 2300 inquam,
342 2223 367 2280 si
378 2236 407 2282 te
419 2221 449 2280 in
461 2221 642 2300 Capitolium
653 2221 731 2282 faces
744 2221 824 2281 ferre
835 2224 943 2282 velletl
985 2224 1152 2300 Nunquam,

201 2318 305 2396 inquit,
314 2318 448 2376 coluisset
457 2317 490 2376 id
499 2316 624 2394 quiden.
661 2317 735 2388 Sed,
746 2318 940 2378 siroluissetl
974 2318 1152 2377 Paruircem.

201 2413 331 2485 Videtis,
348 2434 437 2491 quam
457 2411 568 2470 nefaria
584 2432 651 2470 vox.
680 2412 734 2470 Ἐῑ
750 2413 852 2471 hercle
868 2413 910 2470 ita
925 2413 1067 2481 fecit,'vel
1084 2414 1153 2490 plus

201 2508 300 2578 etiarn
319 2529 408 2587 quam
432 2508 524 2566 dixit:
553 2526 612 2565 non
640 2506 720 2577 enim
747 2507 846 2585 paruit
868 2506 918 2564 ille
941 2506 1008 2565 Tib.
1022 2498 1153 2565 Gracchi

200 2603 371 2673 temeritati,
382 2603 436 2662 sed
450 2601 582 2680 praesuit3
604 2621 660 2661 nec
674 2621 706 2659 se
721 2601 862 2659 comitem
876 2601 956 2658 illius
970 2599 1087 2672 furoris,
1099 2601 1152 2659 sed

200 2697 308 2755 ducem
332 2698 469 2777 praebuit.
518 2698 624 2775 Itaque
646 2697 702 2760 hao
729 2696 866 2767 amentio,
888 2696 1053 2773 quaestione
1076 2717 1154 2755 nova

200 2792 383 2871 perterritus,
392 2792 423 2850 in
432 2793 537 2852 Asiam
547 2792 687 2871 profugit,
699 2790 737 2849 ed
748 2785 847 2849 hostes
860 2811 894 2849 se
909 2791 1040 2861 contulit,
1049 2811 1153 2870 poenas

199 2887 374 2964 reipublicae
395 2889 499 2966 graves
514 2887 669 2967 justasque
689 2885 838 2965 persolvit.
883 2887 977 2946 Nulla
997 2899 1042 2944 est
1061 2887 1154 2964 igitur

199 2982 353 3041 excusatio
372 2983 498 3061 peccati,
515 2983 539 3041 si
561 2983 648 3042 amici
669 3002 759 3041 causa
779 2975 966 3059 peccaveris:
990 3001 1068 3050 nam,
1084 3001 1153 3040 cum

200 3077 382 3135 conciliatrix
395 3078 530 3138 amicitiae
540 3076 655 3137 virtutis
668 3071 773 3155 opinio
780 3076 878 3146 fuerit,
890 3076 1009 3135 difficile
1024 3089 1068 3134 est
1082 3078 1154 3135 ami-

201 3171 299 3230 citiam
312 3193 440 3244 menere‚
452 3173 477 3231 si
488 3173 624 3232 cvirtute
634 3167 792 3230 defeceris'
830 3176 877 3230 38.
895 3171 1023 3243 Quodsi
1037 3184 1153 3230 rectum

200 3267 399 3337 statuerimus,
409 3270 457 3326 vel
470 3268 635 3328 concedere
650 3266 760 3337 amicis,
772 3259 916 3345 quidquid
928 3259 1027 3335 velint,
1038 3268 1085 3325 vel
1099 3267 1152 3324 im·

201 3376 317 3442 petrare
331 3364 369 3421 ab
380 3363 433 3433 eis,
444 3362 587 3440 quidquid
597 3362 738 3435 velimus3
758 3362 894 3442 perfecta
904 3362 1024 3440 quidem
1037 3355 1152 3440 sipien-

200 3459 243 3516 tic
262 3458 361 3528 simus,
379 3459 404 3516 si
423 3458 497 3516 nihil
513 3458 622 3516 habeat
640 3479 688 3517 res
709 3458 790 3518 vitiis
819 3457 873 3516 sed
890 3458 1039 3536 loquimur
1058 3456 1096 3514 de
1116 3456 1153 3514 iis

202 3553 315 3624 amicis,
330 3554 461 3632 quiante
478 3554 578 3612 oculos
594 3567 671 3624 sunt,
686 3575 761 3633 quos
774 3553 912 3624 vidimus,
928 3566 979 3613 aut
992 3552 1030 3611 de
1045 3552 1153 3629 quibus

201 3650 377 3708 memoriam
388 3648 567 3728 accepimus,
577 3670 650 3726 quos
661 3645 742 3709 novit
751 3649 812 3708 vita
822 3649 995 3708 communis.
1013 3663 1017 3684 ¹
1035 3647 1086 3705 Ex
1096 3645 1154 3704 hoc

200 3763 328 3803 numero
345 3744 430 3805 nobis
441 3747 444 3794 ἴ
450 3745 589 3822 exempla
609 3744 754 3804 sumenda
769 3757 847 3814 sunt,
862 3758 893 3803 et
911 3763 1014 3803 eorum
1030 3740 1154 3817 quidem

200 3839 343 3910 maxime,
353 3839 405 3917 qui
415 3839 453 3898 tid
466 3837 642 3916 sapientiam
652 3840 789 3918 proxime
803 3838 957 3899 accedunt.
996 3840 1044 3894 39.
1058 3833 1153 3894 Vide·
