2664 4508
221 479 263 536 52
489 493 523 534 n.
541 494 570 534 r.
586 494 748 536 cronnorts
768 493 898 548 auarus,

220 636 333 684 tantum
350 625 437 693 velet,
452 637 485 683 ut
501 625 585 684 tollat
602 644 619 682 e
637 625 696 684 vita
714 626 891 696 amicitiam
913 647 971 684 non
990 629 1067 706 plus,
1082 649 1173 706 quam

220 733 251 778 ut
274 721 405 788 virtutes,
425 719 496 797 quia
519 722 674 778 nonnullas
698 741 785 779 curas
810 735 840 779 et
864 722 1014 782 molestias
1039 725 1172 795 afferunt,

218 815 422 894 repudientur.

257 1007 346 1066 XIV.
368 1007 446 1066 Cum
458 1021 557 1067 autern
569 1009 723 1068 contrahat
737 1010 903 1080 amicitiam,
914 1023 947 1069 ut
961 1031 1051 1090 supra
1062 1011 1136 1082 dixi,
1148 1012 1174 1070 si

219 1123 278 1180 qua
291 1103 467 1180 significatio
478 1104 594 1178 virtutis
607 1107 735 1176 eluceat,
747 1105 886 1183 adquam
898 1127 929 1164 se
940 1107 1044 1164 similis
1058 1107 1174 1166 animus

220 1199 350 1276 applicet
370 1211 401 1257 et
422 1199 574 1278 adjungat,
604 1199 636 1256 id
663 1221 731 1260 cum
752 1201 1005 1279 contingit-arnor
1025 1202 1175 1261 exoriatur

219 1313 343 1354 necesse
359 1307 413 1352 est.
454 1300 502 1356 49.
520 1294 604 1366 Quid
621 1296 701 1354 enirn
714 1309 773 1354 tam
789 1297 960 1368 absurdum,
975 1317 1063 1374 quam
1079 1297 1176 1356 delec-

221 1391 277 1448 tari
289 1390 387 1448 multis
398 1379 536 1449 indnibus
550 1392 650 1460 rebus,
661 1404 694 1449 ut
705 1392 824 1461 honore,
836 1404 869 1449 ut
883 1392 984 1470 gloria,
995 1406 1029 1450 ut
1039 1391 1175 1464 edificio,

221 1496 254 1543 ut
262 1486 367 1543 vestitu
379 1487 519 1563 cultuque
532 1487 679 1563 corporis;
698 1486 797 1544 animo
808 1499 907 1544 autem
919 1487 1027 1545 virtute
1038 1486 1176 1564 praedito,

221 1599 266 1647 ec,
281 1580 332 1656 qui
347 1581 395 1637 vel
410 1600 519 1648 amare,
533 1582 590 1649 vel,
605 1593 638 1637 ut
651 1581 692 1637 ita
707 1579 813 1649 dicam,
827 1579 983 1639 redamare
997 1582 1098 1659 possit,
1114 1602 1175 1640 non

221 1673 382 1732 admodum
394 1674 555 1732 delectaril
590 1675 675 1732 Nihil
687 1687 732 1732 est
743 1675 823 1734 enim
833 1676 1073 1734 remuneratione
1085 1678 1175 1735 bene·

219 1769 366 1838 velentiae,
385 1770 459 1827 nihil
475 1769 676 1828 vicissitudine
697 1769 865 1828 studiorum
886 1770 1110 1848 officiorumque
1126 1773 1176 1851 ju·

221 1864 355 1922 cundins.
403 1869 451 1924 50.
473 1864 566 1936 Quod
586 1864 611 1923 si
631 1866 720 1929 etiam
737 1866 814 1924 illud
831 1866 977 1935 addimus,
995 1868 1075 1944 quod
1092 1882 1178 1929 recte

221 1957 293 2016 addi
307 1972 414 2037 potest,
424 1960 498 2018 nihil
513 1981 588 2030 esse,
601 1961 682 2038 quod
696 1961 780 2019 adse
794 1982 860 2020 rem
875 1963 966 2020 ullam
981 1975 1041 2022 tam
1057 1963 1176 2032 alliciat,

220 2067 251 2111 et
262 2066 321 2112 tam
334 2056 466 2126 attrahat,
476 2076 565 2134 quam
576 2055 614 2114 ad
625 2057 786 2119 amicitiam
800 2057 978 2117 similitudo:
996 2059 1178 2117 concedetur

220 2150 356 2228 profecto
367 2172 471 2210 verum
485 2173 562 2222 esse,
573 2165 606 2210 ut
616 2153 711 2212 bonos
721 2153 793 2211 boni
804 2151 939 2231 diligant,
952 2153 1177 2230 adsciscantque

222 2246 279 2305 sibi
296 2248 381 2325 quasi
398 2248 619 2328 propinquitate
636 2250 808 2328 conjunctos
830 2263 920 2328 atque
937 2263 1051 2309 natura.
1093 2249 1178 2308 Nihil

222 2355 267 2401 est
288 2345 368 2402 euim
389 2345 576 2424 appetentius
598 2345 739 2403 similium
760 2345 816 2412 sui,
834 2345 907 2402 nihil
923 2345 1070 2420 rapacius,
1088 2361 1177 2420 quam

221 2452 338 2498 natura.
379 2440 584 2510 Quamobrem
594 2439 651 2495 hoc
661 2437 789 2513 quidem,
801 2437 897 2494 Fanni
909 2449 938 2493 et
952 2436 1096 2506 Scaevole,
1108 2457 1177 2496 con·

221 2545 287 2600 stat,
303 2546 336 2590 ut
352 2533 466 2611 opinor,
482 2532 565 2589 bonis
579 2531 657 2588 inter
670 2531 761 2587 bonos
775 2528 859 2606 quasi
874 2529 1071 2587 necessariam
1086 2531 1176 2591 bene-

220 2624 394 2692 volentiem3
413 2624 463 2699 qui
474 2636 519 2680 est
530 2622 668 2680 amicitiae
679 2621 742 2680 fons
754 2633 885 2680 enatura
897 2623 1081 2683 constitutus.
1113 2627 1175 2685 Sed

221 2717 326 2774 eadem
340 2718 457 2774 bonitas
475 2718 564 2775 etiam
582 2716 620 2774 ad
634 2715 852 2774 multitudinem
866 2717 1004 2794 pertinet.
1046 2719 1114 2778 Non
1131 2735 1177 2781 est

220 2811 300 2868 enim
320 2811 481 2869 inhumana
501 2811 603 2881 virtus,
620 2831 718 2888 neque
739 2811 887 2878 immunis,
904 2831 1002 2889 neque
1026 2811 1175 2892 superba,

221 2927 287 2983 quae
310 2906 399 2964 etiam
419 2908 547 2985 populos
569 2906 722 2964 universos
745 2906 831 2975 tueri,
846 2906 950 2984 eisque
971 2910 1083 2986 optime
1105 2933 1175 2970 con·

220 3003 320 3060 sulere
334 3003 445 3061 soleat:
463 3002 541 3079 quod
553 3022 611 3060 non
620 3001 733 3060 faceret
742 3001 885 3079 profecto,
897 3004 923 3061 si
933 3024 950 3062 a
961 3004 1081 3064 caritate
1093 3008 1177 3087 vulgi

220 3098 401 3157 abhorreret.
442 3103 490 3155 61.
506 3099 608 3174 Atque
625 3097 716 3156 etiam
734 3097 807 3155 mihi
821 3098 943 3174 quidem
961 3099 1107 3171 ridentur,
1123 3105 1176 3181 qui

220 3195 353 3254 utilit-atis
377 3213 465 3254 causa
482 3193 597 3272 fingunt
620 3193 773 3264 amicitias,
793 3195 1038 3256 amabilissimum
1062 3198 1176 3258 nodum

221 3291 357 3350 amicitiae
373 3291 489 3350 tollere.
531 3289 602 3348 Nou
620 3289 701 3348 euim
718 3302 778 3348 tam
796 3289 906 3352 utilitas
927 3305 1011 3371 parta
1028 3313 1083 3372 per
1104 3295 1175 3352 ami-

220 3407 298 3455 cum,
313 3406 402 3463 quam
424 3385 515 3445 amici
535 3405 618 3444 amor
638 3385 703 3464 ipse
723 3385 870 3446 delectat:
897 3398 1021 3466 tumque
1041 3389 1116 3447 illud
1133 3390 1175 3458 fit,

220 3482 300 3560 quod
321 3482 358 3540 ab
379 3483 475 3542 amico
494 3494 541 3542 est
562 3482 738 3563 profectum,
751 3483 929 3561 jucundum,
947 3485 972 3542 si
990 3505 1057 3543 eum
1078 3486 1175 3544 studio

220 3589 266 3636 est
275 3578 462 3654 profectum
480 3591 656 3657 tantumque
668 3580 762 3649 abest,
773 3592 805 3637 ut
817 3580 955 3640 amicitiae
966 3594 1088 3659 propter
1101 3581 1173 3638 iudi·

220 3673 351 3751 gentiam
373 3674 515 3743 colantur,
531 3687 564 3733 ut
580 3674 613 3744 ii,
626 3673 678 3753 qui
695 3673 802 3753 opibus
823 3685 855 3734 et
871 3675 963 3754 copiis
984 3675 1175 3752 maximeque

220 3769 331 3828 virtute
344 3768 480 3848 praediti,
498 3770 529 3828 in
554 3785 612 3847 qua
634 3770 796 3848 plurimum
808 3831 810 3836 ,
821 3783 866 3829 est
889 3769 1030 3849 praesidii,
1051 3770 1175 3830 minima

222 3865 343 3925 alterius
366 3865 529 3945 indigeant,
550 3864 748 3923 liberalissimi
772 3865 830 3923 sint
853 3877 883 3922 et
904 3862 1175 3926 beneficentissimi.

180 4480 200 4483 ,,
242 4266 638 4484 [J
707 4255 902 4484 Α
