2698 4508
466 477 761 521 stennone-cst.
772 477 817 532 11.‚
830 481 874 521 111.
1108 469 1150 528 85

190 609 333 672 cinthium
357 607 549 689 cupidissime
558 617 760 681 tractantem,
782 631 874 688 quum
896 611 962 689 ipse
984 623 1074 672 totam
1092 614 1150 674 Go-

191 707 320 768 rinthum
335 695 552 766 contemsisset:
571 719 669 766 utrum
679 706 765 766 illum
778 706 875 766 civem
888 709 1099 779 excellentem,
1111 729 1150 768 an

192 801 353 862 atriensem
365 785 539 880 diligentem
549 803 691 881 putaretii
725 802 898 863 Reviviscet
907 804 960 862 Μ’.
968 804 1088 876 Curius,
1098 819 1150 865 aut

193 919 296 958 eornm
311 897 427 977 aliquis,
441 917 566 974 qnorum
579 898 610 956 in
623 897 693 958 ville
708 919 742 957 oc
757 898 845 958 domo
860 899 932 958 nihil
946 900 1149 978 splendidum,

192 994 265 1054 nihil
277 1007 417 1053 ornatum
427 993 484 1053 fuit
497 1005 607 1072 preter
620 994 710 1073 ipsos,
721 1007 752 1053 et
763 995 862 1054 videat
870 995 1015 1074 aliquem,
1025 997 1149 1056 summis

192 1090 297 1170 populi
306 1089 461 1148 benefieiis
475 1109 573 1160 usum,
581 1091 754 1150 barbatulos
767 1092 874 1149 mullos
887 1104 1098 1170 exceptantem
1109 1091 1148 1152 de

193 1184 348 1264 pisciua'et
357 1180 597 1264 pertractantem,
607 1197 637 1244 et
646 1203 845 1244 muraensrum
856 1185 943 1264 copia
956 1187 1148 1265 gloriantem:

192 1299 291 1338 nonne
304 1281 383 1338 hune
396 1279 549 1339 hominem
565 1281 608 1338 ita
624 1299 742 1338 servum
753 1280 880 1358 judicet,
895 1294 927 1339 ut
942 1303 981 1340 ne
995 1283 1025 1340 in
1039 1283 1151 1343 familia

193 1376 314 1454 quidem
335 1376 458 1454 dignum
482 1377 596 1454 majore
621 1376 719 1452 aliquo
742 1376 861 1454 negotio
879 1377 985 1455 pntetl
1034 1382 1080 1436 39.
1100 1379 1150 1436 An

194 1493 299 1532 eorum
322 1473 448 1531 servitus
466 1471 558 1532 dubie
576 1485 631 1542 est,
649 1473 700 1550 qui
719 1471 886 1551 cupiditate
906 1473 1017 1551 peculii
1036 1475 1151 1532 nullam

194 1568 550 1648 conditionemrecusant
566 1568 732 1626 dunssimae
752 1568 924 1627 servitutisl
965 1567 1151 1628 Hereditatis
1203 1641 1207 1646 Ι

194 1685 264 1744 spes
288 1663 359 1742 qui'd
382 1663 544 1742 iniquitatis
569 1664 600 1721 in
626 1663 781 1722 serviendo
805 1684 863 1722 non
889 1664 1033 1742 suscipiti
1062 1685 1151 1742 quem

182 1753 299 1819 ‘nutum
315 1759 472 1838 locupletis
490 1759 554 1817 orbi
571 1759 650 1818 senis
667 1777 726 1818 uon
743 1759 903 1818 observati
946 1761 1097 1838 Loquitur
1112 1759 1151 1820 ed

193 1857 397 1914 voluntatem:
415 1855 556 1932 quidquid
569 1855 782 1914 denunciatum
799 1855 845 1924 sit,
857 1855 945 1916 facit:
968 1869 1151 1918 assectatur:

195 1951 312 2021 assidet,
322 1962 503 2010 muneratur.
541 1950 625 2022 Quid
636 1951 802 2011 horumcst
812 1950 921 2010 liberii
938 1952 1011 2030 quid
1022 1952 1152 2030 denique

194 2065 252 2106 non
266 2047 345 2106 servi
357 2046 484 2106 inertis‘l

234 2239 294 2296 111.
320 2242 367 2295 40.
388 2231 494 2308 Quid‘l
521 2235 583 2315 jum
605 2235 658 2294 illa
680 2235 839 2315 cupiditas,
856 2254 932 2315 quae.
945 2238 1064 2301 videtur
1086 2259 1161 2316 eese¹

193 2331 355 2403 liberalior,
372 2331 500 2401 honoris,
518 2329 645 2410 imperii,
662 2331 890 2411 provinciarum,
905 2351 995 2408 quem
1013 2333 1088 2392 durs
1108 2345 1155 2392 est

195 2430 330 2490 domina!
361 2443 452 2506 quam
475 2427 653 2506 imperiosa!
686 2445 775 2504 quum
799 2427 975 2488 vehemens!
1008 2428 1153 2508 Cethego,

194 2527 306 2586 homini
320 2544 385 2584 non·
397 2523 614 2604 probatissimo,
629 2523 741 2584 servius
759 2524 859 2602 coegit
876 2543 936 2596 eos,
951 2525 1002 2603 qui
1017 2524 1075 2583 sibi
1086 2545 1153 2584 esse

197 2621 372 2702 amplissimi
386 2619 579 2690 videbantur3
601 2639 727 2680 munera
739 2620 866 2692 mittere,
879 2634 969 2682 noctu
983 2623 1087 2682 venire
1101 2622 1152 2682 do·

197 2737 277 2786 mum
293 2719 331 2790 ad
344 2739 421 2788 eum,
433 2717 558 2797 precari,
570 2717 699 2796 denique
712 2717 890 2796 supplicare.
932 2719 1012 2792 Qnae
1025 2720 1153 2780 servitus

197 2828 250 2884 est,
261 2815 285 2872 si
294 2815 360 2873 'liaec
370 2814 492 2874 libertae
507 2813 669 2872 existimari
680 2813 797 2892 potestl
840 2815 943 2886 Quidl
961 2836 1053 2894 quum
1069 2817 1152 2896 cupi-

196 2909 321 2968 ditatum
339 2909 507 2968 dominatus
525 2909 662 2980 excessit,
678 2921 707 2968 et
722 2910 799 2970 elius
817 2923 860 2970 est
876 2911 1014 2971 dominus
1032 2927 1152 2972 exortus

196 3025 235 3065 ex
253 3006 434 3066 conscientia
450 3018 650 3085 peccatorum,
665 3007 770 3078 timon
794 3027 884 3085 quam
902 3021 948 3068 est
963 3009 1016 3068 illa
1030 3009 1151 3079 misere,

196 3121 284 3180 quem
306 3102 381 3161 dura
404 3103 549 3162 servitus!
598 3103 851 3162 Adolescentibue
875 3106 979 3183 paullo
1002 3105 1151 3181 loquacio-

196 3199 277 3258 ribus
294 3211 338 3257 est
355 3199 544 3258 serviendum
555 3199 572 3256 t'
589 3207 701 3268 ornnes,
715 3190 765 3277 qni
784 3199 897 3277 aliquid
914 3200 989 3258 scire
1005 3198 1150 3269 videntur,

195 3308 348 3372 tamquam
365 3294 488 3365 domini,
502 3294 652 3354 timentur.
692 3295 796 3356 Judex
812 3315 885 3354 veno
903 3307 1045 3372 quantum
1059 3294 1152 3352 lubet

197 3391 398 3451 dominatum!
429 3411 489 3468 quo
509 3389 616 3449 timore
637 3403 778 3449 nocentes
800 3389 910 3450 afficit!
952 3392 1003 3447 An
1023 3409 1083 3446 non
1106 3401 1152 3447 est

197 3487 294 3555 omnis
315 3499 412 3546 metus
434 3487 582 3546 servitusl
631 3491 678 3545 41.
700 3485 784 3557 Quid
805 3487 885 3544 valet
906 3485 996 3564 igitur
1017 3485 1070 3542 illa
1090 3487 1173 3544 elo,

197 3584 380 3663 quentissimi
397 3583 461 3654 viri,
480 3583 516 3643 L.
528 3580 638 3651 Crassi,
656 3581 777 3658 copiosa
798 3581 902 3658 magis,
921 3599 1010 3660 quam
1033 3581 1150 3660 sapiens
1224 3649 1228 3656 ,

198 3679 334 3746 crstini,
354 3679 473 3756 Eripite
488 3699 539 3738 uos
555 3696 591 3736 ee
605 3677 746 3734 tenuate.
787 3674 866 3747 Quae
883 3688 929 3734 est
942 3676 997 3734 ists
1015 3676 1150 3747 servitus,
1225 3725 1229 3732 .

197 3788 259 3834 tem
273 3778 354 3834 claro
367 3775 489 3844 homini,
500 3787 619 3850 tamque
633 3768 747 3830 nobilil
787 3771 892 3831 Omnis
905 3771 996 3831 animi
1008 3771 1152 3830 debilitati

198 3871 357 3952 ethumilis
367 3883 399 3931 et
409 3869 493 3932 fracti
503 3867 784 3930 timiditssservitns
799 3881 852 3930 est.
894 3869 991 3933 Nolite
1003 3868 1152 3940 sinemo
