2664 4508
318 458 390 500 sive
410 455 956 509 mrsnsnmurs.-csr.xx1.,xx11.
1068 443 1110 504 29

164 587 274 659 senti03
297 609 365 648 cum
381 587 467 649 tants
480 583 614 647 celeritas
631 583 795 646 animorum
810 585 859 658 it,
873 599 954 647 tante
967 589 1111 648 memorie

162 683 386 760 praeteritorum,
408 683 634 759 futurorumque
657 681 826 761 prudentia,
848 695 892 740 tot
916 695 993 742 artes
1020 695 1108 744 tante

161 777 301 848 scientim,
318 791 362 836 tot
378 778 498 836 invente
508 801 516 849 3
540 798 600 836 non
616 797 704 856 posse
725 797 792 835 eam
811 790 957 847 naturam,
975 797 1041 855 qum
1061 797 1108 836 res

159 891 209 929 ees
228 873 387 941 contineat,
404 891 470 931 esse
489 873 663 930 mortalem:
691 891 817 949 cumque
841 891 963 950 semper
982 873 1109 951 agitetur

159 965 283 1038 enimus,
293 987 350 1026 nec
359 966 539 1046 principium
548 979 644 1025 motus
652 967 771 1036 habent,
781 967 890 1044 quisse
898 967 965 1045 ipse
976 979 1106 1038 movent;

156 1079 195 1118 ne
209 1061 300 1121 finem
315 1061 436 1139 quidem
448 1061 619 1119 ltebiturum
633 1081 698 1120 esse
711 1073 815 1132 motus,
829 1062 900 1139 quie
912 1082 1061 1139 nunquam
1074 1082 1107 1122 se

154 1153 220 1232 ipse
242 1157 282 1214 sit
300 1155 475 1214 relicturus:
503 1167 541 1223 et,
559 1175 627 1212 cum
643 1155 770 1233 simplex
787 1156 878 1214 animi
894 1169 999 1214 natura
1016 1170 1106 1228 esset,

153 1249 394 1324 neque-heberet
406 1247 437 1305 in
451 1247 652 1325 se'quidquem
667 1247 832 1306 admixtum
842 1249 943 1326 dispar
953 1249 1008 1320 sui,
1018 1263 1107 1327 etque

153 1341 311 1413 dissimile,
325 1363 385 1400 non
402 1362 490 1421 posse
508 1363 575 1400 eum
593 1341 701 1413 dividi3
723 1339 842 1420 quodsi
858 1363 917 1402 non
933 1344 1033 1422 possit,
1047 1365 1108 1406 non

152 1455 244 1515 posse
259 1437 399 1496 interire:
421 1457 591 1514 magnoque
606 1456 671 1494 esse
686 1450 869 1514 argumento,
883 1439 1018 1498 homines
1031 1439 1107 1499 scire

152 1532 299 1610 pleraque
317 1544 385 1590 ente
400 1551 489 1610 quem
505 1531 567 1588 nati
584 1530 651 1601 sint,
666 1531 745 1607 quod
753 1533 819 1610 jam
835 1533 1014 1610 poeticum
1031 1547 1107 1592 nites

153 1625 292 1686 difficiles
306 1627 430 1696 discent,
440 1626 483 1685 ite
496 1625 636 1684 celeriter
648 1645 696 1683 res
709 1625 940 1686 innumerabiles
955 1628 1105 1706 arripiant,

152 1733 185 1778 ut
198 1742 250 1780 eas
263 1742 324 1780 non
339 1733 403 1779 tum
417 1720 547 1798 primum
564 1719 699 1798 accipere
712 1719 877 1792 videantur,
890 1721 941 1781 sed
956 1722 1106 1782 reminisci

153 1827 184 1872 et
196 1815 359 1875 recordari.
399 1816 477 1874 Haec
491 1813 623 1874 Platonis
637 1813 708 1873 fere.

191 2004 300 2064 XXII.
321 2010 367 2064 79.
385 2004 478 2084 Apud
492 2005 722 2084 Xenophontem
743 2017 843 2065 eutem
863 2008 992 2066 moriens
1007 2007 1105 2086 Cyrus

152 2099 248 2177 major
260 2100 325 2158 haec
339 2099 427 2158 dicit:
446 2095 564 2160 “Nelite
577 2101 728 2170 arbitrari,
746 2101 863 2161 omiti
876 2104 1021 2162 carissimi
1026 2101 1104 2178 filii,

152 2212 206 2264 me,
217 2213 283 2252 cnm
298 2213 318 2251 a
331 2195 409 2252 vodis
422 2194 579 2264 discessero,
590 2213 732 2270 nosquam
745 2206 798 2252 ant
811 2197 1004 2275 nsiinmfore.
1045 2198 1105 2257 Nee

151 2290 236 2359 enim,
245 2288 316 2346 dnm
324 2308 402 2347 eram
410 2290 561 2358 nobiscnm,
570 2288 700 2346 animem
707 2285 800 2346 menni
809 2289 967 2347 ridebatis:
986 2290 1035 2348 ssd
1043 2311 1106 2350 essm

150 2403 208 2441 esse
224 2385 259 2442 in
274 2384 326 2442 doc
340 2378 454 2459 corpore
470 2395 510 2441 ιω·
520 2384 558 2440 iis
573 2382 664 2452 rebus,
678 2403 752 2460 pnes
768 2382 914 2458 gerebam,
928 2384 1105 2459 intelligeba-

149 2479 196 2536 tis.
237 2479 372 2538 Eundem
383 2479 476 2554 igiter
489 2498 546 2536 esse
558 2477 700 2547 credisse,
708 2479 797 2536 etiarn
806 2479 833 2536 si
841 2479 952 2536 nullum
963 2479 1105 2539 videbitis.

150 2577 198 2632 80.
217 2575 280 2632 Nec
291 2594 355 2632 cero
367 2575 512 2632 clarorum
523 2574 650 2632 virorem
657 2585 725 2649 post
738 2584 854 2632 mortem
864 2575 981 2632 honores
988 2593 1105 2651 perme-

149 2680 259 2739 nerent,
272 2671 298 2727 si
313 2669 391 2727 nidd
406 2689 502 2726 eornm
518 2670 644 2745 ipsornm
660 2669 754 2727 animi
770 2669 912 2746 picerent,
923 2689 978 2746 qno
993 2670 1105 2728 diutins

149 2765 381 2824 memoriem'sni
394 2774 555 2822 teneremus.
597 2763 679 2822 Mihi
692 2763 808 2840 quidem
823 2785 970 2841 nunqnam
982 2785 1104 2842 persna-

150 2857 217 2916 deri
232 2861 338 2934 potnit,
355 2860 476 2932 animos,
493 2859 563 2916 dnm
583 2859 613 2917 in
633 2853 797 2934 cerporibus
818 2870 906 2918 essent
925 2861 1103 2930 nrortaiidns,

150 2955 248 3012 eivers
255 2977 269 3021 ,·
290 2974 355 3012 enin
372 2955 492 3012 scissent
507 2973 542 3010 erc
554 2953 602 3023 iis,
616 2954 704 3011 cneori
712 2976 723 3011 .·
744 2974 794 3012 nec
808 2974 882 3024 vero,
897 2965 956 3012 tnrn
973 2956 1103 3014 animum

150 3069 211 3107 esse
230 3050 418 3126 insipientem,
435 3067 499 3106 enm
519 3068 553 3106 ec
572 3050 721 3124 insipienti
739 3069 854 3125 corpore
874 3051 1026 3115 evasisset;
1055 3049 1104 3106 sed

150 3163 218 3202 cnm
237 3145 314 3202 omni
333 3143 510 3202 admistione
528 3145 654 3220 eorporis
674 3143 820 3212 liberates,
835 3163 929 3219 pernes
949 3153 975 3200 et
995 3143 1104 3217 integer

150 3257 211 3295 esse
221 3239 354 3313 cepisset,
363 3249 424 3298 tum
433 3259 490 3297 esse
498 3240 662 3314 sapientem.
697 3239 794 3316 Atque
803 3240 971 3308 etiamnum
980 3239 1104 3296 dominis

149 3341 260 3390 natura
280 3344 368 3390 morte
384 3333 559 3404 dissolvitur,
572 3345 727 3393 ceterorum
746 3353 841 3392 rerum
852 3334 1037 3409 perspicuum
1065 3341 1106 3389 est

150 3445 210 3502 qno
223 3445 339 3502 preceque
351 3427 498 3488 discedent
505 3452 519 3496 ,·
541 3428 646 3486 abeunt
659 3429 734 3486 enirn
748 3428 818 3484 ilinc
831 3426 937 3495 omnia,
951 3427 1026 3483 sende
1039 3437 1105 3483 orte

149 3530 238 3578 sunt:
257 3517 371 3580 animus
385 3533 480 3582 antem
493 3523 569 3581 solus
581 3542 641 3590 nse,
651 3540 715 3577 enm
728 3520 817 3588 adest,
829 3539 886 3587 nec,
895 3539 959 3576 enm
971 3518 1103 3591 discedit,

149 3625 284 3689 apparet.
324 3617 395 3676 Jom
416 3638 480 3676 nero
502 3614 711 3684 indemnitati
732 3633 788 3670 esse
810 3612 896 3670 morti
917 3604 979 3670 tarn
1000 3613 1103 3686 simile,

148 3727 240 3786 qnam
255 3731 392 3771 somniem.
434 3717 482 3772 81.
496 3711 589 3788 Atqui
599 3707 801 3766 dormientium
813 3707 906 3765 enimi
919 3699 1044 3768 menime
1056 3711 1103 3769 de·

150 3802 266 3864 cierent
275 3805 458 3867 divinitatem
467 3826 551 3866 snam
561 3824 573 3866 .·
596 3802 690 3864 inulta
703 3803 784 3874 enim,
790 3823 854 3864 enm
863 3805 975 3865 remissi
985 3815 1012 3864 et
1020 3805 1104 3866 liberi
