2646 4510
223 459 286 522 116
543 477 691 522 coenatu
709 477 841 522 aaronis

218 609 310 668 fnisse
325 606 356 668 in
372 625 439 666 snos
457 603 647 686 indulgentia,
660 619 704 678 ut,
718 627 791 685 quos
810 625 911 668 amere
928 609 1064 684 deberet,
1077 611 1165 674 irasci

218 704 261 764 eis
281 702 363 762 nefas
378 702 508 762 duceret.
548 703 658 782 Neque
674 702 706 762 id
722 703 793 764 fecit
812 716 919 763 natura
939 707 1046 776 solum,
1063 727 1165 784 quam·

217 817 304 876 quam
328 816 431 856 omnes
452 798 482 858 ei
501 815 648 876 paremus,
665 797 719 858 sed
740 799 830 858 etiem
847 798 989 860 doctrina
1029 802 1111 860 Nam
1135 815 1167 862 et

215 892 382 972 principum
399 893 640 972 philosophorum
660 893 702 952 ita
720 907 863 974 percepta
878 895 984 954 habuit
1002 910 1164 976 praecepts,

215 999 248 1046 ut
260 987 296 1046 iis
310 986 450 1048 advitam
464 989 619 1068 agendam,
629 1007 689 1048 nou
702 989 740 1048 nd
753 990 990 1062 ostentationem,
1000 1002 1144 1052 uteretur.

253 1178 375 1238 XVIII.
401 1179 496 1238 Moris
519 1180 609 1240 etiam
632 1181 781 1259 majorum
805 1197 937 1241 summus
957 1181 1087 1240 imitator
1107 1181 1166 1242 fuit

215 1274 455 1353 antiquitatisque
469 1286 600 1333 amator:
619 1295 707 1352 quam
722 1269 797 1334 adeo
808 1274 969 1353 diligenter
977 1275 1080 1335 habuit
1093 1296 1164 1355 cog·

215 1371 316 1440 uitam,
330 1381 363 1428 ut
378 1388 443 1428 earn
456 1380 548 1427 totam
561 1369 592 1426 in
609 1389 646 1428 eo
657 1371 811 1428 volumine
829 1370 1011 1448 exposuerit,
1027 1389 1085 1447 quo
1101 1390 1162 1429 me·

215 1467 355 1544 gistratus
378 1463 498 1524 ornarit.
548 1463 644 1523 Nulla
665 1464 746 1522 enim
767 1466 828 1535 lex,
848 1484 945 1542 neque
968 1484 1040 1544 pax,
1061 1485 1162 1543 neque

215 1560 337 1629 bellurn,
350 1579 449 1636 neque
462 1573 510 1618 res
523 1558 644 1616 illustris
656 1570 702 1618 est
714 1559 817 1637 populi
827 1559 962 1629 Romani,
975 1580 1044 1637 quae
1058 1580 1117 1620 non
1130 1560 1166 1618 iu

214 1674 251 1714 eo
265 1673 320 1712 suo
332 1665 465 1732 tempore
481 1653 519 1712 sit
534 1665 650 1712 notatae
672 1665 711 1722 et,
725 1652 806 1731 quod
820 1653 1025 1712 difficillimum
1038 1654 1103 1726 fuit,
1119 1654 1164 1714 sic

213 1747 391 1808 familiarum
404 1747 549 1826 originem
562 1747 722 1818 subtexuit,
734 1760 767 1806 ut
777 1767 816 1806 ex
826 1767 865 1805 eo
875 1749 1024 1807 clarorum
1034 1749 1164 1808 virorum

214 1844 395 1922 propagines
410 1844 557 1922 possitnus
574 1859 762 1922 cognoscere.
801 1842 889 1901 Fecit
904 1843 960 1901 hoc
976 1843 1057 1902 idem
1078 1865 1163 1923 sepe·

214 1938 299 1998 ratim
311 1939 341 1996 in
359 1938 425 1998 aliis
439 1937 538 1998 libris:
561 1949 595 1997 ut
608 1939 651 1996 M.
660 1937 745 1998 Bruti
762 1950 867 2015 rogatu
880 1938 902 1996 J
903 1937 1004 1997 uniam
1017 1938 1164 1998 familiam

215 2052 233 2092 a
245 2033 336 2112 stirpe
351 2033 389 2092 ed
402 2034 478 2094 hanc
491 2045 610 2093 estatem
623 2033 725 2092 ordine
739 2033 931 2104 enumeravit,
944 2046 1057 2105 amans,
1070 2036 1130 2114 qui,
1145 2057 1165 2096 a

216 2149 275 2206 quo
295 2142 385 2200 onus,
399 2145 474 2206 qnos
492 2131 625 2200 honores,
640 2129 804 2207 quibusque
824 2130 1007 2208 temporibus
1028 2131 1164 2209 cepisset.

215 2223 287 2281 Pari
298 2222 389 2283 modo
400 2225 536 2284 Marcelli
546 2224 675 2294 Claudii
685 2225 894 2284 Marcellorum
904 2244 912 2294 ς
931 2224 1080 2303 Scipionis
1091 2225 1162 2286 Cor·

214 2319 286 2378 nelii
299 2330 329 2377 et
342 2319 432 2379 Fabii
446 2320 581 2391 Maximi,
596 2319 759 2380 Fabiorum
776 2332 807 2380 et
820 2320 1010 2379 AErniliorum
1023 2339 1162 2399 quoque:

216 2413 312 2492 quibit
322 2413 407 2472 libris
418 2415 492 2474 nibil
502 2427 600 2493 potest
613 2431 680 2473 esse
691 2415 806 2473 dulcius
820 2414 865 2485 iis,
877 2415 928 2492 qui
939 2415 1067 2492 aliquam
1080 2416 1163 2495 cupi·

216 2508 340 2568 ditatam
349 2508 886 2568 habentnotitiaeolarorumvirorum.
925 2510 1164 2588 Attigitquoque

214 2602 383 2682 poiticam:
418 2602 576 2674 oredimus,
599 2622 639 2662 ne
664 2603 730 2680 ejus
759 2619 866 2682 expers
893 2615 971 2664 esset
1000 2604 1162 2665 scrutatis.

216 2696 355 2772 Namque
368 2695 510 2767 versibus,
525 2695 577 2773 qui
590 2695 703 2754 honore
714 2713 877 2774 rerumque
893 2709 1042 2775 gestanrm
1059 2697 1164 2776 ampli

215 2789 316 2849 tudine
334 2802 451 2850 ceteros
465 2789 594 2850 Romani
610 2789 713 2868 populi
729 2790 937 2869 praestiterunt,
954 2789 1093 2869 exposuit
1111 2792 1164 2863 its,

215 2897 249 2944 ut
262 2885 318 2945 sub
326 2885 513 2962 singulorum
524 2883 703 2962 imaginibus
712 2884 791 2944 iacta
800 2885 1047 2964 magistratusque
1058 2905 1163 2944 eorum

215 3000 276 3038 non
303 2980 428 3059 amplius
454 2978 605 3057 quaternis
630 2979 765 3056 quinisve
790 2981 924 3040 versibus
952 2981 1163 3060 descripseritt

217 3075 297 3152 quod
310 3075 360 3134 rix
377 3073 559 3132 credendum
573 3073 619 3144 sit,
634 3085 730 3132 tantas
746 3094 794 3133 res
811 3087 872 3134 tam
885 3076 1014 3136 breviter
1030 3076 1164 3155 potuisse

217 3169 369 3229 declarari.
405 3169 462 3227 Est
475 3169 566 3227 etium
575 3188 651 3227 unus
661 3169 746 3240 liber,
755 3169 863 3228 Graece
874 3171 1034 3242 confectus,
1046 3170 1085 3229 de
1095 3191 1163 3230 con-

217 3266 315 3324 sulatu
329 3263 493 3324 Ciceronis
536 3283 539 3288 ·
630 3283 633 3290 ’

256 3453 343 3513 xm
363 3454 520 3514 Hactenus
540 3453 641 3514 Attico
660 3454 729 3514 rivo
747 3454 829 3514 edita
850 3455 916 3516 baec
939 3475 960 3514 a
978 3454 1063 3516 nobis
1087 3467 1165 3514 sunt.

217 3548 316 3617 Nunc.
328 3549 468 3626 quoniam
480 3549 599 3609 fortuna
610 3569 664 3608 nos
678 3549 853 3629 superstites
865 3549 894 3610 ai
905 3570 971 3610 essa
981 3549 1085 3619 voluit,
1095 3550 1165 3608 reli·

216 3663 276 3720 qua
290 3661 515 3722 persequemur,
528 3657 569 3715 et,
582 3657 724 3722 quantum
740 3645 933 3726 potuerimus,
945 3665 1046 3704 rernm
1064 3664 1165 3704 exem·

216 3739 274 3818 plis
289 3741 415 3800 lectores
433 3741 614 3813 docebimus,
630 3741 708 3802 sicut
728 3760 820 3822 supra
839 3740 1077 3819 significavimus,
1094 3757 1165 3798 suos

218 3835 326 3913 cuique
341 3851 440 3896 mores
454 3838 632 3918 pierumque
651 3836 812 3898 conciliare
828 3837 981 3898 bunnam.
1022 3835 1165 3911 Namque
