2646 4510
223 434 286 497 114
549 449 696 494 coenatu
714 447 846 495 aaronis

221 579 303 652 tiam,
317 579 480 639 affectabat
521 579 666 658 Supellex
679 580 806 652 modica,
820 600 880 662 non
893 584 994 654 multa,
1010 596 1042 644 ut
1056 583 1087 644 in
1100 607 1172 650 neu·

220 686 294 750 nam
307 686 422 752 partem
435 673 564 753 conspici
578 688 685 754 possm,
726 677 794 736 Neo
807 678 975 756 praeteribo,
991 700 1171 760 quamquam

219 769 366 830 nonnullis
388 770 455 828 leve
476 769 572 830 visum
594 771 632 830 iri
652 785 773 850 putem:
794 793 886 850 quum
907 773 1051 854 imprimis
1073 779 1170 838 lautus

218 877 296 924 esset
315 885 409 943 eques
426 867 588 938 Romanus,
605 880 636 926 et
655 888 716 930 non
736 889 843 946 parum
861 868 1024 930 liberaliter
1045 871 1169 933 domum

216 979 300 1020 suam
321 961 454 1022 omnium
482 961 620 1022 ordinum
647 963 781 1024 homines
808 963 1088 1044 invitaret3soimus,
1108 987 1170 1028 non

118 1069 121 1076 ·
217 1055 353 1134 amplius,
377 1077 468 1135 qnam
493 1069 577 1116 terna
597 1057 692 1118 millia
712 1059 789 1130 aeris,
811 1079 952 1140 peraeque
978 1061 1009 1121 in
1035 1061 1168 1142 singulos

215 1170 343 1224 menses,
358 1172 397 1210 ex
411 1152 602 1232 ephemeride
616 1173 686 1212 eum
699 1174 866 1232 expensum
880 1155 991 1214 sumtui
1004 1155 1084 1216 ferre
1099 1158 1167 1216 soli-

216 1259 289 1311 tum.
329 1249 430 1326 Atque
440 1249 496 1309 boc
505 1268 563 1306 non
579 1248 720 1320 auditum,
731 1249 784 1309 sed
797 1250 949 1328 cognitum
959 1250 1167 1329 praedicamus.

218 1343 308 1424 Saepe
322 1345 400 1404 enim
414 1357 536 1423 propter
549 1344 775 1404 familiaritatem
789 1345 959 1405 domesticis
973 1347 1063 1426 rebus
1077 1345 1166 1406 inter-

218 1438 335 1500 fuimus.

257 1629 344 1688 XIV.
365 1629 466 1690 Nemo
486 1630 516 1688 in
538 1629 675 1690 coniivio
695 1630 760 1708 ejus
781 1619 867 1688 aliud
883 1649 1024 1690 acroama
1044 1631 1167 1704 abdixit,

217 1744 307 1800 quam
321 1737 519 1802 anagnosten:
538 1725 616 1801 quod
628 1745 681 1783 nos
696 1723 815 1801 quidem
825 1723 1076 1802 jucundissimum
1089 1728 1167 1786 arbi-

216 1830 335 1878 tramur.
376 1819 484 1897 Neque
502 1839 633 1896 unquam
653 1819 718 1878 sine
739 1819 838 1897 aliqu-a
853 1818 1082 1898 lectioneapud
1097 1843 1168 1882 eum

218 1927 367 1976 ooenatum
383 1928 437 1987 est,
452 1927 484 1974 ut
500 1935 559 1974 non
577 1914 673 1974 minus
690 1913 796 1983 animo,
811 1933 899 1996 quam
912 1926 1017 1972 ventre
1034 1917 1168 1978 convivae

217 2009 443 2070 delectarentur.
484 2011 625 2088 Namque
648 2028 699 2068 eos
721 2009 856 2080 vocabat,
878 2028 1003 2086 quorum
1028 2029 1127 2075 mores
1149 2033 1169 2072 a

216 2105 277 2166 suis
297 2126 359 2165 non
379 2107 582 2188 abhorrerent
620 2105 723 2178 Quum
743 2117 824 2164 tants
840 2104 975 2184 pecuniae
989 2105 1068 2164 'facta
1088 2121 1169 2172 esset

217 2200 357 2274 accessio,
373 2203 447 2262 nibil
464 2201 502 2261 de
518 2201 691 2280 quotidiano
707 2203 789 2263 cultu
806 2201 940 2272 mutavit,
954 2200 1027 2259 nibil
1044 2200 1081 2259 de
1097 2202 1167 2264 vitae

217 2298 445 2358 consuetudine:
462 2310 601 2376 tantaque
615 2317 688 2358 usus
702 2309 748 2356 est
760 2296 973 2382 moderatione,
984 2309 1016 2355 ut
1026 2316 1125 2374 neque
1136 2297 1168 2356 in

216 2393 352 2452 sestertio
359 2394 461 2466 vicies,
470 2392 672 2471 quodapatre
682 2403 845 2471 acceperat,
853 2411 959 2470 parum
968 2411 1000 2458 se
1009 2391 1167 2472 splendide

217 2489 348 2568 gesserit,
357 2509 456 2566 neque
466 2487 496 2546 in
508 2487 642 2546 sestertio
654 2487 766 2548 centies
777 2486 942 2546 affluentius
952 2487 1067 2558 vixerit,
1077 2509 1168 2565 quam

216 2583 390 2655 instituerat,
407 2583 533 2662 parique
555 2581 674 2660 fastigio
697 2581 815 2644 steterit
838 2582 870 2640 in
893 2593 1015 2659 utraque
1039 2581 1166 2644 fortuna.

217 2680 326 2738 Nullos
339 2679 443 2738 habuit
455 2679 566 2749 hortos,
580 2679 693 2744 nullam
710 2666 907 2736 suburbanam
922 2689 973 2736 aut
989 2677 1166 2738 maritimam

216 2786 397 2833 sumtuosam
410 2773 521 2844 villam,
535 2793 635 2850 neque
647 2772 678 2831 in
692 2767 787 2843 Italia,
801 2785 910 2853 praeter
922 2771 1120 2838 Ardeatiuum
1134 2786 1166 2832 et

217 2871 446 2940 Nomentanum,
455 2871 597 2930 rusticum
607 2868 768 2949 praedium:
786 2869 940 2946 omnisque
952 2869 1016 2948 ejus
1027 2869 1164 2948 pecuniae

215 2966 327 3030 reditus
348 2965 498 3028 constabat
512 2965 544 3024 in
557 2965 720 3044 Epiroticis
738 2978 769 3024 et
784 2964 905 3027 urbanis
922 2963 1165 3045 possessionibus.

216 3062 268 3122 Ex
284 3082 343 3140 quo
360 3059 498 3139 cognosci
511 3073 619 3140 potest,
634 3081 721 3120 usum
738 3081 808 3120 eum
823 3060 960 3139 pecunias
976 3079 1036 3120 non
1051 3059 1164 3138 magni·

216 3158 327 3229 tudine,
341 3156 394 3218 sed
406 3156 520 3215 ratione
534 3154 632 3214 metiri
646 3155 777 3215 solitum.

175 3394 180 3407 .
255 3349 325 3408 XV.
346 3347 540 3408 Mendacium
563 3366 659 3424 neque
681 3345 809 3417 dicebat,
831 3365 930 3425 neque
952 3345 1017 3425 pati
1038 3356 1164 3426 poterat

216 3445 322 3522 Itaque
340 3444 405 3522 ejus
421 3442 542 3503 comitas
558 3462 617 3501 non
634 3441 701 3500 sine
718 3441 875 3500 severitate
893 3454 966 3513 erat,
980 3461 1079 3520 nequa
1097 3461 1163 3522 gra-

215 3539 289 3599 vitas
302 3538 367 3598 sine
381 3537 520 3598 facilitate
524 3560 533 3620 5
541 3549 575 3597 ut
588 3535 708 3596 difficile
722 3548 801 3596 esset
813 3537 971 3608 intellectu,
981 3549 1081 3598 utrum
1094 3556 1164 3596 eum

216 3632 302 3694 amici
319 3634 413 3712 magis
429 3646 612 3703 vererentur,
628 3651 665 3690 au
686 3643 829 3712 amarent.
870 3630 1025 3710 Quidquid
1041 3631 1166 3710 rogaba-

215 3743 273 3801 tur,
288 3730 428 3809 religioee
447 3729 658 3808 promittebatr
686 3728 764 3805 quod
785 3748 844 3788 non
863 3726 1003 3799 liberalis,
1020 3727 1073 3786 sed
1091 3727 1165 3786 levis

217 3825 420 3898 arbitrabatur,
435 3825 580 3906 polliceri,
594 3823 674 3903 qnod
689 3834 831 3904 praetera
851 3841 910 3886 non
926 3834 1037 3904 posset,
1077 3822 1165 3884 Idem
