2664 4508
236 445 281 508 m
455 473 458 478 ·
510 465 590 510 m-r.
607 463 772 516 cresimus
789 466 921 519 mutus,

235 591 397 671 quidquem
414 595 475 654 tels
490 603 623 656 senetur.
661 595 908 674 Preetpteneum
927 608 975 656 est
990 596 1080 674 igitur
1091 595 1190 668 bonis,

234 700 276 758 ut,
291 689 316 746 si
330 689 361 748 in
379 689 530 767 ejusmodi
542 690 687 753 emistus
696 690 799 769 ignari
817 705 888 750 essu
904 691 1006 769 ulique
1020 692 1190 762 inciderint,

232 803 270 842 ne
291 784 471 854 existiment,
486 784 527 844 its
547 805 580 844 se
602 779 747 864 alligetis,¹
761 799 794 846 ut
810 787 848 848 eb
866 787 968 848 amicis
985 786 1016 844 in
1036 787 1192 865 republica

232 880 427 960 peccantibus
441 901 501 940 nen
515 879 678 944 discedent.
717 883 866 962 improbis
881 895 983 944 nutem
996 901 1090 964 poena
1100 894 1190 940 status

232 975 311 1034 ends
328 983 389 1048 es't3
410 997 467 1038 nee
483 983 560 1036 iere
571 978 670 1038 minor
685 977 733 1047 iis,
754 978 807 1054 qui
826 979 920 1036 secuti
941 989 1029 1036 erunt
1053 978 1190 1048 alterum.

232 1091 321 1150 quam
339 1071 385 1142 iis,
400 1072 527 1150 quiipsi
537 1073 649 1132 fuerint
664 1073 825 1152 impietatis
842 1072 944 1131 duces.
984 1071 1064 1143 Quis
1084 1071 1193 1136 clarior

232 1166 265 1224 in
279 1167 401 1226 Graecie
416 1167 619 1226 Themistocle
629 1168 731 1244 leuis
746 1167 918 1246 potentiori
939 1167 1001 1244 qni,
1015 1187 1083 1226 eum
1097 1167 1191 1244 impe·v

232 1275 315 1321 rator
328 1263 411 1322 bello
422 1262 549 1322 Persice
561 1263 706 1324 seruitute
720 1262 869 1324 Graeeiatn
883 1263 1048 1332 liberasset,
1058 1274 1192 1340 propter·

235 1378 296 1436 que
313 1357 456 1424 invidiam
472 1359 504 1418 in
524 1359 664 1420 exsilium
682 1359 763 1429 isset3
781 1358 904 1436 ingrate
924 1359 1031 1436 petriae
1051 1357 1191 1434 iujuriam

233 1473 294 1514 non
314 1454 389 1524 tulit,
410 1475 498 1530 quem
523 1453 602 1514 ferre
628 1453 749 1512 debuit:
776 1453 849 1510 fecit
873 1451 963 1522 idem,
983 1452 1062 1528 quod
1087 1449 1192 1528 viginti

233 1547 317 1606 annis
342 1561 410 1605 ante
435 1548 516 1624 apud
538 1549 591 1604 nos
615 1545 728 1604 feceret
749 1545 939 1604 Coriolanus.
987 1545 1046 1604 His
1070 1545 1192 1622 adjutor

232 1653 335 1698 contre
356 1639 485 1717 petriam
499 1640 644 1700 ,inventus
666 1651 711 1698 est
731 1658 837 1698 neme:
861 1639 961 1715 itaque
981 1652 1110 1697 mertem
1132 1639 1191 1698 sibi

231 1747 356 1809 uterque
370 1733 519 1790 conscivit.
560 1737 608 1790 43.
627 1733 732 1803 Quare
743 1733 809 1791 talis
819 1733 1022 1811 improborum
1033 1734 1190 1794 consensio

230 1848 291 1888 non
302 1827 391 1888 mode
401 1826 592 1889 excusatione
602 1825 739 1891 amicitiae
750 1827 880 1906 tegenda
889 1843 948 1886 non
959 1841 1013 1899 est,
1023 1828 1078 1888 ssd
1086 1830 1190 1908 petius

231 1923 312 1984 emni
334 1921 697 2004 supplicio‚uindieenda;
727 1935 760 1982 ut
778 1943 820 1984 ne
842 1923 908 2001 quis
932 1923 990 1983 sibi
1012 1945 1189 1984 eoncessum

204 2017 205 2020 ’
230 2033 315 2100 putet
326 2021 464 2089 emicem,
474 2021 523 2082 vel
533 2020 645 2080 bellum
656 2019 759 2098 petrim
770 2020 954 2101 inferentem,
965 2021 1059 2099 sequi.
1088 2021 1189 2093 'Quod

229 2115 361 2194 quidem,
372 2124 406 2174 ut
418 2135 467 2174 res
480 2114 571 2195 coepit
584 2115 640 2184 ire,
653 2112 733 2174 haud
747 2117 818 2186 scio,
830 2137 867 2176 en
881 2116 1041 2196 aliquunde
1054 2116 1188 2192 futurum

230 2211 286 2271 sit:
313 2211 386 2272 mihi
407 2224 509 2272 autem
529 2231 587 2270 nen
608 2211 716 2271 minori
733 2233 812 2272 curae
828 2225 884 2281 est,
902 2199 998 2290 qualis
1018 2211 1188 2290 respublica

230 2317 438 2384 postmortem
450 2325 550 2364 mecm
562 2304 663 2365 future
675 2305 721 2378 sit,
737 2325 826 2383 quem
841 2305 937 2383 quelis
951 2304 1040 2364 hodie
1058 2304 1105 2364 sit.

269 2497 360 2556 XIII.
382 2501 431 2556 44.
448 2495 528 2563 Haec
541 2494 636 2573 igitur
650 2495 747 2572 prima
758 2494 809 2556 lex
826 2493 963 2552 emicitiae
981 2492 1139 2564 sanciatur,
1153 2505 1187 2556 ut

230 2591 268 2652 eb
279 2591 381 2650 amicis
392 2591 516 2650 honeste
525 2603 673 2668 petemus,
683 2589 851 2660 emisenum,
862 2607 952 2648 cause
961 2589 1086 2646 honeste
1096 2589 1186 2650 fecic-

228 2705 315 2748 mus:
339 2707 378 2744 ne
399 2698 608 2764 exspectemus
627 2685 757 2762 quidem,
775 2683 847 2742 dum
867 2702 1026 2761 rogemur;
1052 2684 1186 2744 studium

164 2843 166 2845 ,
229 2802 350 2859 semper
370 2780 454 2850 sdsit,
472 2779 621 2840 cunctatio
639 2779 733 2850 absit3
759 2777 914 2840 consilium
931 2797 1003 2836 vero
1021 2777 1093 2837 dere
1113 2799 1186 2857 gau·

229 2877 353 2938 deemus
373 2875 478 2935 libere.
527 2876 698 2937 Plurimum
718 2875 750 2932 in
771 2874 904 2934 amicitie
925 2872 1091 2934 amicorum
1106 2876 1186 2936 bene

228 2971 416 3032 suadentium
429 2973 528 3030 valeat
541 2970 708 3039 auctoritas,
723 2990 818 3047 eaque
832 2981 862 3027 et
876 2969 1052 3028 adhibeatur
1069 2969 1108 3029 ed
1122 2991 1185 3040 me·

228 3068 361 3128 nendum
375 3087 434 3128 uon
447 3067 539 3132 modo
551 3078 664 3145 aperte,
679 3065 733 3126 sed
747 3066 837 3124 etiem
853 3065 970 3136 acriter,
984 3065 1070 3134 sires
1083 3079 1186 3145 postu·

228 3165 316 3234 lebit;
339 3175 370 3222 et
387 3162 525 3221 adhibitos
543 3175 691 3240 pareatur.
739 3166 787 3220 45.
809 3161 890 3220 Nem
907 3159 1094 3240 quibusdem,
1110 3182 1184 3239 quos

212 3316 214 3321 .
228 3260 318 3320 audio
335 3258 486 3336 sepientes
499 3257 616 3318 habitos
630 3258 661 3319 in
672 3256 800 3327 Graecis,
812 3257 959 3336 placuisse
975 3256 1080 3335 opiner
1095 3256 1184 3318 mira·

227 3357 302 3416 bilis
321 3354 459 3432 quedam
481 3353 550 3434 (sed
564 3355 638 3414 nihil
654 3366 708 3424 est3
724 3354 804 3432 quod
820 3354 864 3420 illi
883 3371 955 3417 ufen'
966 3367 1185 3434 persequantur

225 3451 286 3510 suis
301 3450 434 3528 argutiis)
446 3473 453 3510 r
475 3450 585 3529 partim
598 3450 756 3530 fugiendas
773 3469 841 3512 esse
854 3451 961 3512 nimias
978 3450 1184 3519 amicitiaeue

227 3565 351 3606 necesse
371 3545 409 3604 sit
429 3566 526 3606 unum
544 3546 704 3612 sollicitum
720 3568 786 3608 esse
802 3564 858 3626 pre
874 3547 1028 3626 pluribus;
1047 3545 1119 3616 satis
1136 3566 1183 3604 su·

226 3661 344 3721 perque
353 3661 554 3702 essesuerum
562 3643 673 3720 cuique
685 3656 808 3713 rerum3'
824 3642 927 3704 olienis
938 3643 1024 3702 nimis
1035 3641 1183 3720 implicari

226 3738 384 3796 molestum
401 3756 489 3796 esse:
511 3737 794 3802 ,commodissimum
813 3757 889 3808 eme,
907 3755 998 3813 quem
1013 3735 1184 3804 laxissimas

226 3831 358 3892 hebenus
370 3831 481 3892 hebere
495 3830 644 3902 amicitie,
656 3843 730 3908 quse
744 3832 792 3894 uel
807 3830 947 3900 adduces,
958 3849 1026 3895 eum
1039 3829 1121 3901 velis
1134 3833 1182 3892 vel

129 4352 463 4472 A
