2698 4508
239 840 389 928 vrri
426 777 807 929 ryrouronu
844 843 1093 932 lucror

342 1035 415 1109 nx
443 1036 709 1111 connumo
737 1006 959 1123 Naroma.
1085 1021 1089 1026 ’

215 1361 239 1419 Ι.
258 1361 293 1420 Τ.
302 1361 487 1421 Pomrontus
499 1355 646 1434 Arrrcun,
658 1365 695 1422 ab
710 1345 824 1442 origine
837 1364 939 1422 ultima
952 1365 1052 1444 stirpis
1063 1367 1122 1424 Ro·

90 1495 92 1500 -
175 1473 270 1514 manae
290 1453 457 1534 generatus,
472 1471 619 1538 perpetuo
636 1480 654 1517 a
670 1460 831 1538 majoribus
849 1461 1002 1538 acceptam
1019 1479 1123 1538 equae·

174 1562 250 1608 trem
263 1551 390 1609 obtinuit
400 1551 586 1629 dignitatemr
623 1553 714 1611 Patre
728 1553 799 1612 neus
810 1567 854 1612 eat
864 1553 1016 1633 diligente,
1027 1555 1122 1614 indul·

175 1657 274 1722 gente,
283 1657 322 1715 et,
333 1658 366 1704 ut
376 1659 439 1705 tum
449 1649 533 1706 erant
546 1642 689 1727 tempora,
701 1649 763 1719 diti,
774 1649 977 1728 imprimisque
992 1649 1123 1709 studioso

174 1739 348 1798 litterarum.
388 1741 458 1811 Hie,
469 1755 556 1820 prout
565 1743 632 1822 ipae
647 1744 762 1804 amabat
772 1745 893 1814 litterae,
905 1745 1041 1803 omnibus
1055 1744 1123 1802 doo-

175 1833 268 1904 trinia,
279 1835 385 1912 quibus
396 1838 518 1915 puerilia
531 1851 602 1896 aetas·
613 1838 757 1916 impertiri
769 1839 868 1908 debet,
879 1839 971 1898 filium
985 1839 1122 1898 erudivit

174 1927 247 1988 Erat
264 1944 362 1988 autem
379 1932 408 1989 in
425 1951 529 2010 puero,
544 1945 655 2012 Praeter
671 1933 853 1991 docilitatem
870 1934 990 2012 ingenii,
1006 1929 1124 1994 summa

174 2025 304 2084 suavitas
324 2025 383 2083 oris
401 2045 434 2083 ac
451 2026 542 2094 vocis,
559 2038 592 2084 ut
611 2047 670 2084 non
690 2027 784 2084 solum
803 2029 942 2086 celeriter
962 2029 1121 2107 acciperet,
1206 2025 1231 2071 -’

174 2141 241 2199 quae
272 2121 476 2190 tradebantur,
503 2119 557 2176 aed
584 2119 672 2178 etiam
703 2123 884 2178 excellenter
909 2123 1121 2200 pronuntiaret.

173 2216 252 2287 Qua
268 2235 307 2272 ex
327 2233 362 2271 re
384 2213 415 2270 in
437 2213 567 2290 pueritie
588 2209 696 2270 nobilia
715 2213 793 2272 inter
815 2216 943 2290 aequulei
961 2215 1121 2286 ferebatur,

173 2309 343 2385 clariusque
365 2308 747 2386 exeplendaacebat‚'quam
771 2309 908 2387 generosi
929 2299 1122 2387 condiscipuli

173 2405 272 2464 animo
285 2423 372 2480 aequo
382 2403 459 2462 farre
470 2415 599 2481 poseant.
639 2403 746 2480 Itaque
756 2404 896 2464 incitabat
909 2421 1011 2463 omnen
1024 2403 1122 2462 studio

174 2507 244 2558 suo:
258 2517 318 2576 quo
328 2498 358 2556 in
370 2515 495 2556 numero
504 2497 624 2556 suerunt
634 2497 670 2556 L.
678 2498 852 2576 Torquatus,
863 2500 898 2558 O.
908 2499 1024 2558 Mariua
1035 2499 1121 2571 filius,

174 2595 218 2652 Μ.
229 2595 347 2664 Cicero,
369 2613 442 2670 quoe
455 2592 680 2652 ‘consuetudine
704 2613 758 2652 sun
780 2594 824 2652 sie
848 2594 905 2652 eibi
927 2594 1069 2665 devinxit,
1086 2607 1121 2654 ut

173 2699 264 2748 nemo
276 2690 311 2748 iis
325 2701 472 2769 perpetuo
484 2688 575 2747 fuerit
588 2688 691 2749 carior.

214 2879 255 2938 11.
272 2879 362 2939 Pater
371 2881 486 2938 mature
497 2877 631 2938 decessit.
671 2879 740 2958 Ipse
754 2878 987 2940 adolescentulus
997 2895 1120 2963 propter

175 2973 343 3032 affinitatem
358 2974 393 3033 P.
402 2973 536 3051 Sulpicii,
551 2974 602 3051 qui
616 2974 750 3033 tribunus
766 2975 862 3053 plebis
878 2976 1049 3036 interfectus
1067 2991 1119 3049 aet,

174 3089 233 3127 non
244 3089 353 3146 expers
360 3069 415 3126 fnit
426 3069 504 3127 illiue
516 3069 649 3148 periculi.
686 3069 825 3148 Namque
835 3069 1119 3149 Anicia,=Pomponii

175 3163 358 3233 consobrina,
368 3175 508 3242 nupserat
519 3164 561 3222 M.
572 3163 684 3234 Servio,
694 3165 776 3223 fratri
787 3165 921 3244 Sulpicii.
962 3164 1067 3240 Itaque
1076 3165 1119 3222 in-

175 3257 301 3316 terfecto
316 3257 448 3337 Sulpicio
461 3271 653 3336 posteaquam
666 3259 747 3326 vidit,
759 3259 896 3318 Cinnano
910 3258 1036 3316 tumultu
1050 3257 1119 3317 civi·
1161 3289 1165 3296 ›

173 3365 265 3412 tatem
287 3373 352 3411 esee
373 3354 580 3431 pernrrbetnm,
597 3373 694 3431 neque
717 3353 774 3411 albi
791 3353 855 3410 dari
870 3352 1043 3410 facultatem
1063 3371 1120 3431 pro

172 3447 318 3526 dignitate
331 3447 460 3518 vivendi,
474 3448 545 3525 quin
563 3449 863 3524 alterutram-partem
880 3443 1048 3516 offenderet,
1062 3445 1119 3504 die·

175 3542 289 3602 sociatis
314 3542 418 3601 animis
441 3543 557 3610 civium,
575 3559 666 3616 quum
689 3539 738 3597 alii
755 3538 893 3608 Sullanis,
911 3537 960 3596 elii
978 3538 1123 3598 Cinnanis·

174 3637 307 3696 faverent
327 3637 477 3716 partibua3
508 3635 649 3693 idoneum
670 3644 788 3710 tempus
809 3643 889 3688 ratus
911 3630 1015 3690 studiis
1036 3634 1119 3692 obae-

175 3731 287 3810 quendi
303 3731 374 3800 auia,
384 3732 519 3790 Athenae
535 3749 568 3788 ee
584 3726 715 3788 contulit.
756 3725 866 3803 Neque
881 3745 918 3784 eo
934 3726 1030 3786 secius
1051 3726 1119 3786 edo-

173 3828 336 3886 leacentem
353 3825 493 3896 Marium,
507 3827 622 3884 hostem
638 3819 814 3901 judicatum,
826 3821 905 3898 juvit
921 3821 1025 3902 opibus
1042 3823 1119 3898 aulaf

617 3916 644 3976 Ε
657 3921 676 3974 2
