2698 4508
241 482 280 541 94
589 495 623 536 rr.
639 494 669 535 r.
686 477 848 536 crosnorns

240 628 313 707 quit,
323 627 431 696 animo,
441 638 472 684 ct
480 626 582 685 omitte
593 601 739 695 timorem,
750 623 861 705 Scipio,
871 637 902 684 st
912 645 979 702 quae
990 623 1097 696 dicam,
1108 625 1193 685 trade

240 743 401 781 memoriae.

277 911 320 969 11.
341 911 476 972 Videsne
491 912 572 970 illam
588 914 702 983 urbem,
717 933 793 990 quae,
808 932 916 992 parere
930 913 1042 991 populo
1056 912 1194 972 Romano

237 1019 342 1065 coacta
350 1028 407 1086 per
417 1027 474 1076 me,
483 1021 605 1066 renovat
613 1008 833 1088 pristinabella,
843 1029 899 1066 nec
909 991 1011 1089 potest
1019 1008 1193 1086 quiescerel

230 1101 428 1180 ⁸(ostendebat
443 1115 541 1161 eutem
553 1103 768 1182 Carthaginem
782 1101 819 1161 de
834 1105 962 1174 excelso,
977 1115 1008 1163 et
1021 1105 1111 1182 pleno
1127 1105 1193 1161 stel-

237 1197 343 1266 larum,
358 1196 464 1256 illustri
481 1211 512 1256 et
529 1198 610 1258 claro
627 1199 756 1277 quodam
772 1199 852 1276 loco)
871 1198 1013 1277 adquam
1030 1211 1062 1256 tu
1079 1218 1193 1278 oppug-

238 1293 366 1352 nandum
379 1313 459 1352 nunc
469 1295 553 1353 venis
563 1314 662 1373 paene
670 1294 776 1354 milesl
786 1295 875 1354 Hauc
886 1295 943 1352 boc
956 1294 1079 1354 biennio
1092 1295 1194 1354 consul

143 1471 146 1478 γ
239 1402 365 1460 evertes,
379 1389 497 1467 eritque
521 1410 688 1467 cognomen
711 1389 742 1446 id
764 1390 819 1449 tibi
840 1410 896 1469 per
920 1402 950 1448 te
970 1404 1098 1468 partum,
1113 1389 1194 1468 quod

239 1483 329 1544 habes
347 1485 444 1544 adhuc
462 1505 479 1543 a
495 1485 580 1543 nobis
596 1484 818 1542 hereditarium.
859 1485 937 1544 Cum
955 1498 1055 1543 autern
1070 1477 1192 1544 Sartha·

239 1581 340 1658 ginem
360 1578 518 1648 deleveris,
535 1579 718 1658 triumphum
740 1581 847 1657 egeris,
862 1598 1025 1656 censorque
1038 1568 1144 1662 linaiis,
1163 1592 1194 1638 et

237 1674 347 1734 obieris
360 1676 476 1753 legatus
488 1675 663 1752 AEgyptum,
679 1674 807 1752 Syriam,
815 1674 931 1744 Asiam,
947 1673 1107 1744 Graeoiam,
1119 1674 1192 1733 dcli-

239 1790 311 1848 gere
322 1770 432 1852 iterum
447 1771 552 1830 absens
563 1771 676 1840 consul,
686 1771 858 1847 bellumque
869 1769 1033 1828 maximnm
1046 1769 1192 1840 conficies,

238 1864 433 1924 Numantiam
444 1863 609 1927 exscindcs.
637 1865 698 1923 Sed
724 1885 790 1924 oum
815 1865 874 1923 eris
898 1885 986 1924 curru
1011 1865 1192 1944 Capitolium

238 1959 380 2029 invectus,
394 1961 524 2020 offendes
540 1961 758 2040 rempublicam
775 1961 980 2040 perturbatam
992 1961 1125 2020 consiliis
1142 1980 1192 2019 ne·

237 2057 314 2136 potis
337 2057 404 2116 mei.
445 2057 507 2115 Hic
529 2069 571 2127 tu,
589 2056 741 2128 Africane,
760 2057 898 2116 ostendas
919 2057 1068 2136 oportebit
1088 2055 1193 2136 patriae

238 2151 339 2212 lumen
355 2152 456 2223 animi,
470 2152 594 2231 ingenii,
609 2153 783 2232 consiliique
798 2153 850 2215 tui.
891 2151 952 2212 Sed
967 2153 1032 2231 ejus
1048 2147 1193 2232 temporis

240 2248 399 2327 ancipitem
409 2249 497 2309 video
511 2249 595 2326 quasi
607 2248 736 2308 fatorum
747 2250 835 2309 viam.
876 2249 959 2308 Nem
974 2270 1043 2308 curu
1057 2263 1128 2308 aetas
1142 2262 1194 2308 tue

240 2355 382 2422 septenes
392 2344 484 2404 octies
494 2343 566 2402 solis
577 2343 725 2402 anfractus
736 2344 912 2422 reditusque
924 2344 1110 2413 converterit,
1120 2335 1192 2402 duo-

238 2458 297 2515 que
314 2439 349 2495 -bi
370 2441 494 2511 numeri,
508 2459 636 2519 quorum
658 2453 785 2518 uterque
806 2442 924 2520 plenus,
942 2441 1017 2499 alter
1038 2441 1133 2498 altera
1154 2440 1193 2499 dc

239 2553 339 2603 causa,
360 2533 495 2606 hebetur,
518 2535 642 2594 circuitu
669 2536 798 2594 naturali
826 2529 973 2594 summam
996 2535 1051 2594 tibi
1073 2534 1193 2594 fatalem

239 2627 437 2700 confecerint;
461 2631 492 2689 in
508 2644 538 2690 te
557 2651 658 2702 unum,
676 2643 765 2708 atque
783 2630 813 2687 in
834 2642 920 2688 tuum
940 2649 1060 2701 nomen,
1078 2650 1111 2688 se
1132 2643 1194 2690 tota

239 2735 390 2782 convertet
410 2725 512 2785 civitas
522 2750 540 2786 ε.
558 2741 589 2786 te
609 2739 738 2796 senatus,
753 2736 783 2785 te
800 2745 904 2784 ornnes
922 2725 1002 2795 boni,
1017 2739 1048 2784 te
1065 2726 1148 2795 socii,
1162 2739 1194 2785 te

240 2817 340 2877 Latini
357 2818 568 2884 intuebuntur:
590 2835 622 2881 tu
643 2823 701 2882 eris
718 2841 804 2891 unus,
818 2821 849 2880 in
866 2841 925 2899 quo
939 2821 1052 2879 nitatur
1069 2821 1194 2880 civitatis

239 2914 335 2985 salus;
354 2935 398 2984 ac,
410 2933 448 2972 ue
460 2918 562 2990 multa,
573 2919 701 2977 dictator
711 2917 927 2996 rempublicam
938 2917 1098 2975 constitues
1109 2937 1194 2996 opor·

239 3022 291 3080 tet,
305 3010 330 3066 si
344 3010 450 3089 impias
469 3014 705 3092 propinquorum
726 3033 829 3071 manus
850 3012 999 3090 effugeris.
1041 3011 1103 3070 Hic
1125 3033 1195 3071 cum

240 3107 435 3166 exclamasset
447 3107 566 3176 Laelius,
578 3109 852 3188 ingemuissentque
864 3108 957 3166 ceteri
968 3108 1193 3180 vehementius;

239 3203 348 3260 leniter
362 3201 492 3260 urridens
506 3201 617 3280 Scipio,
628 3205 750 3276 Quaeso,
762 3204 865 3282 inquit,
875 3223 914 3262 ne
929 3223 977 3262 ine
993 3223 1010 3262 e
1027 3224 1132 3263 somno
1143 3223 1193 3263 ex·

241 3298 359 3358 citetis:
374 3315 434 3375 pax
447 3315 608 3376 parumper
621 3322 629 3371 ;
654 3300 753 3360 audite
769 3314 876 3359 cetera.

280 3491 340 3548 111.
362 3488 423 3548 Sed
438 3507 498 3567 qno
516 3489 566 3560 sis,
581 3490 734 3564 Africana,
749 3481 879 3559 alacrior
896 3495 934 3553 ad
948 3495 1106 3554 tutandum
1120 3513 1195 3552 rem·

241 3586 401 3665 publicam,
413 3586 455 3644 sic
467 3587 594 3647 habeto:
612 3587 770 3660 Omnibus,
783 3591 834 3668 qui
845 3591 971 3670 petriam
983 3588 1194 3657 conservarint,

240 3681 415 3761 adjuverint,
427 3682 575 3753 auxerint,
586 3695 702 3742 certum
709 3704 778 3744 esse
789 3685 820 3742 in
834 3687 909 3744 coelo
920 3685 1073 3743 delinitum
1084 3686 1195 3752 locum,

242 3779 294 3837 ubi
318 3778 397 3838 beati
418 3798 484 3850 aevo
504 3778 688 3856 sempiterno
708 3780 860 3838 fruantur:
888 3780 962 3837 nihil
983 3790 1027 3836 est
1047 3778 1127 3836 euim
1151 3776 1197 3834 illi

242 3874 367 3956 principi
382 3873 461 3944 Deo,
477 3871 528 3950 qui
543 3892 660 3932 ornnem
677 3875 756 3933 huno
774 3873 920 3933 mundum
937 3873 1024 3951 regit,
1039 3872 1117 3951 quod
1133 3871 1194 3949 qui·

350 4153 605 4492 se
