2698 4508
491 490 690 545 ranunculos,
707 493 839 535 1.-—car.
854 495 885 547 ι.,
896 495 928 536 ιι.
1112 551 1118 556 ,
1144 481 1184 538 75

233 619 371 706 babeant,
387 631 417 679 et
434 621 531 680 obsint
547 613 670 700 probisl
697 629 724 682 8.
744 621 950 697 Quamobrem
964 624 1037 683 licet
1052 625 1184 694 irrideat,

234 714 259 771 si
275 715 325 791 qui
339 717 402 773 vult
412 738 419 774 :
430 705 505 794 ⁴plus
520 717 598 795 apud
613 735 662 775 me
676 729 776 776 tamen
790 739 861 777 vera
874 718 950 778 ratio
966 719 1084 789 valebit,
1096 741 1185 796 quam

233 809 314 886 vulgi
329 810 446 888 opinio:
468 831 565 888 neque
583 833 640 890 ego
656 833 788 890 unquam
802 814 880 872 bona
896 814 1062 892 perdidisse
1080 815 1184 886 dicam,

234 904 259 961 si
274 904 324 981 qui
338 925 430 983 pecus
449 919 499 964 aut
517 908 730 984 supellectilem
748 908 894 966 amiserit:
913 927 1013 985 neque
1026 929 1086 966 non
1104 896 1184 987 saepe
1259 921 1265 972 t

233 998 361 1056 laudabo
378 993 546 1077 sapientem
564 1002 658 1072 illum,
674 1003 819 1072 Eleatem,
834 1015 868 1061 ut
884 1004 998 1081 opinor,
1014 1003 1066 1081 qui
1083 1023 1184 1060 nume·
1202 975 1282 1086 psalt:

234 1105 316 1151 ratur
332 1094 362 1150 in
382 1108 514 1172 septem:
542 1097 627 1174 cujus
649 1117 738 1173 quum
758 1098 884 1176 patriam
902 1097 1033 1156 Prienen
1054 1099 1185 1176 cepisset
1197 1095 1285 1220 wll
1301 1117 1339 1183 „p

233 1186 333 1255 bostis,
345 1189 497 1266 ceterique
507 1190 549 1247 ita
559 1190 704 1267 fugerent,
713 1204 746 1250 nt
757 1194 850 1249 multa
860 1191 898 1249 de
909 1192 969 1252 suis
981 1193 1070 1250 rebus
1081 1213 1184 1251 securn
1287 1177 1292 1196 ⁸

235 1294 439 1358 asportarent:
469 1303 560 1360 quum
581 1297 659 1342 esset
683 1284 848 1344 admonitus
865 1307 883 1344 a
900 1287 1038 1364 quodam,
1056 1301 1088 1344 ut
1104 1287 1184 1345 idem
1213 1254 1231 1318 l*

233 1375 299 1454 ipse
312 1377 442 1446 faceret:
464 1377 534 1452 Ego
550 1398 625 1448 vero,
640 1379 743 1456 iuquit,
750 1381 857 1458 socio:
879 1402 948 1440 aaut
964 1383 1061 1440 omnio
1077 1402 1184 1440 mecum

233 1481 319 1548 porto
335 1491 409 1529 mea.
419 1455 432 1541 l'
451 1475 478 1530 9.
500 1471 558 1530 llle
573 1473 637 1530 haec
653 1473 784 1532 ludibria
799 1475 922 1534 fortunae
939 1496 978 1534 ue
994 1496 1047 1534 sua
1063 1476 1183 1553 quidem

234 1567 356 1643 putavit,
366 1587 432 1644 quae
442 1587 497 1625 nos
508 1569 694 1646 appellamus
704 1569 794 1626 etiam
805 1570 891 1626 bona.
908 1572 915 1636 Ι
932 1570 1016 1642 Quid
1027 1583 1072 1628 est
1083 1571 1182 1647 igitur,

235 1673 347 1736 quaeret
368 1662 483 1738 aliquis,
498 1663 630 1721 bonnml
654 1644 705 1720 lSi
723 1664 794 1740 quid
815 1677 897 1722 recte
913 1665 946 1722 fit
962 1679 993 1724 et
1010 1666 1132 1724 honeste
1153 1679 1184 1724 et
1237 1651 1263 1728 ll
1278 1669 1282 1676 ’
1315 1721 1322 1752 ,

234 1774 299 1813 cum
318 1757 432 1827 virtute,
449 1757 481 1814 id
498 1756 576 1816 bene
593 1757 749 1828 desivero
770 1759 892 1830 dicitur;
915 1772 953 1830 et,
967 1761 1046 1836 quod
1067 1773 1183 1819 rectum
1251 1736 1325 1799 ‘ll‘

1238 1807 1320 1881 ‘ll'

234 1863 265 1908 et
278 1851 432 1910 honestum
448 1864 479 1910 et
493 1872 560 1910 cum
571 1853 676 1911 virtute
691 1867 746 1923 est,
757 1853 786 1910 id
803 1855 899 1912 solum
914 1855 1019 1933 opinor
1033 1855 1144 1914 donum.
1247 1901 1264 1952 3
1278 1829 1320 1924 ‘es'

1117 1955 1136 2008 ί,

272 2039 314 2098 ΙΙ.
334 2046 380 2099 10.
398 2041 458 2099 Sed
471 2043 535 2099 haec
546 2042 640 2100 videri
650 2055 775 2119 possunt
785 2044 964 2112 obscuriora,
974 2064 1062 2122 quum
1073 2045 1182 2103 leutius

162 2157 166 2164 ·
232 2134 437 2214 disputantur:
457 2137 514 2193 vita
531 2149 618 2211 atque
632 2137 716 2194 factis
729 2137 903 2194 illustranda
916 2151 983 2195 aunt
999 2159 1182 2197 summorum

231 2229 364 2286 virorum
381 2231 453 2299 haec,
469 2251 535 2306 quae
552 2230 648 2288 verbis
664 2215 911 2308 subtiliussquam
929 2233 999 2290 satis
1017 2247 1070 2302 est,
1085 2235 1183 2312 dispu-

231 2328 287 2386 tari
304 2303 470 2398 ridenturl
491 2327 605 2408 Quaero
627 2327 705 2385 enim
726 2326 851 2397 anobis,
868 2347 940 2385 num
959 2328 1052 2385 ullam
1074 2328 1183 2404 cogita-

232 2425 343 2482 tionem
359 2423 497 2481 habuisse
514 2421 671 2480 videantur
687 2422 717 2491 ii,
732 2422 784 2500 qui
798 2423 873 2480 hanc
890 2422 1105 2500 rempublicam
1123 2431 1183 2480 tam

231 2520 376 2596 praeclara
392 2517 546 2576 fundatam
563 2518 647 2576 nobis
664 2518 857 2595 reliquerunt,
876 2530 925 2575 aut
943 2517 1006 2576 auri
1024 2530 1053 2576 et
1070 2519 1184 2596 argenti

233 2615 269 2672 ad
281 2615 443 2684 avaritiam,
454 2627 503 2675 aut
514 2614 717 2672 amoenitatum
729 2613 766 2672 ad
778 2612 1014 2683 delectationem,
1024 2626 1075 2671 aut
1085 2614 1182 2691 supel-

232 2711 338 2768 lectilis
353 2710 390 2768 ad
405 2709 536 2779 delicias,
549 2722 598 2767 aut
611 2710 767 2788 epularum
782 2709 819 2766 ad
833 2711 997 2786 voluptates
1008 2683 1042 2771 ll
1062 2713 1107 2766 11.
1124 2709 1183 2766 Ρο-

233 2807 294 2863 nita
306 2819 374 2863 ante
383 2807 740 2882 oculosunumquemque
750 2825 865 2883 regum.
878 2780 883 2888 l
895 2805 997 2862 Vultis
1008 2825 1026 2862 a
1034 2784 1193 2958 Romuloll

232 2901 320 2959 vultis
334 2913 400 2980 post
412 2901 537 2960 liberam
552 2901 710 2969 civitatem,
724 2901 761 2959 ab
775 2901 810 2958 iis
824 2901 904 2978 ipsis,
917 2901 968 2977 qui
981 2901 1171 2958 liberaverun

234 2997 323 3066 euml
354 2964 494 3068 lQuibus
518 2996 639 3055 tandem
664 2996 804 3074 gradibus
828 2997 905 3054 Rom
928 2997 974 3053 lus
998 2994 1132 3054 escendit
1153 2994 1184 3050 iu

234 3093 341 3151 coelum
351 3092 362 3150 l
373 3067 470 3180 fiisse,
485 3112 551 3168 quae
567 3091 617 3150 isti
630 3093 709 3178 bona
729 3092 880 3170 appellant
891 3017 963 3163 llas
984 3090 1073 3147 rebus
1094 3088 1184 3164 gestis

234 3199 321 3264 atque
338 3187 513 3245 virtutibnsl
564 3179 713 3271 Quidtja
730 3187 833 3244 Numa
850 3155 1184 3261 Pompiliollmiuusne

234 3294 331 3359 gratas
346 3279 400 3338 diis
418 3281 629 3339 immortalibus
647 3281 807 3360 capediues
825 3301 859 3339 ac
875 3279 980 3338 fictiles
993 3277 1127 3335 hirnulas
1138 3275 1183 3334 fu·

233 3379 299 3446 isse,
314 3396 403 3453 quam
417 3375 539 3434 filicatas
557 3377 684 3434 aliorum
696 3389 815 3453 pateras
833 3362 1050 3461 arbitramurll
1072 3372 1184 3432 Omitto

233 3473 384 3550 reliquos:
415 3483 484 3529 sunt
507 3470 586 3527 enim
608 3489 711 3529 omnes
732 3487 820 3545 pares
842 3469 920 3524 inter
940 3475 981 3534 se,
999 3477 1109 3543 praeter
1129 3465 1184 3526 Su·

233 3570 368 3647 perbum.
390 3560 455 3624 '12.
476 3565 603 3622 Brutum
624 3562 649 3618 si
666 3561 717 3638 qni
734 3573 828 3637 roget,
843 3560 913 3636 quid
931 3559 1025 3636 egerit
1042 3560 1073 3617 in
1091 3562 1185 3639 patria

233 3662 404 3735 liberanda3
429 3661 453 3718 si
471 3661 536 3736 quis
553 3659 624 3715 item
644 3649 775 3732 reliquos
793 3653 928 3732 ejusdem
949 3654 1063 3712 consilii
1079 3657 1182 3728 socios,

233 3758 305 3836 quid
320 3755 526 3836 spectaverint,
539 3752 609 3831 quid
622 3750 715 3810 secuti
730 3749 804 3809 sint:
825 3769 896 3808 num
910 3750 976 3828 quis
990 3750 1121 3818 exsistet,
1134 3752 1184 3812 cui

233 3856 378 3935 voluptas,
390 3852 439 3910 cui
454 3850 573 3919 divitiae,
586 3847 784 3925 cuidamque,
796 3857 903 3925 praeter
917 3845 1045 3904 officium
1058 3845 1141 3906 fortis
1155 3858 1185 3906 et

1274 1197 1284 1222 l.

1236 1220 1274 1284 <²⁹
