2664 4508
380 474 452 522 sive
471 475 512 518 us
531 473 911 528 surcrr1A.-csr.rx.‚x.
1084 461 1125 522 47

168 628 260 688 quam
285 607 323 667 ab
343 605 559 676 imbecillitate,
581 619 612 670 et
638 606 757 685 gravior
782 618 813 665 et
835 607 942 670 verior.
990 606 1079 676 Nam,
1100 609 1126 670 si

171 705 282 782 utilitas
299 702 444 763 amicitias
462 702 685 780 conglutinaret,
701 701 808 762 eadem
824 715 1005 764 commutate
1022 701 1125 762 dissol-

170 812 273 859 veret:
298 796 438 875 sed‚quia
457 810 567 856 natura
583 797 691 856 mutari
713 817 772 855 nou
791 811 898 876 potest,
916 797 1027 856 idcirco
1047 818 1125 858 verae

171 883 308 952 amicitias
322 892 511 970 sempiternae
525 904 602 956 sunt.
641 893 748 952 Ortum
759 892 881 971 quidem
895 893 1032 954 amicitiae
1045 893 1126 954 vide·

171 989 215 1058 tis,
229 989 286 1046 nisi
299 988 369 1065 quid
385 987 424 1045 ad
438 988 502 1046 haec
515 987 593 1045 forte
607 988 704 1046 vultis.

212 1084 364 1146 anruss.
392 1083 441 1142 Tu
463 1102 534 1142 vero
556 1103 658 1162 perge,
677 1083 771 1144 Laeli!
803 1103 858 1163 pro
880 1085 937 1144 hoc
961 1085 1051 1154 enirn,
1073 1083 1126 1162 qui

169 1178 267 1237 minor
280 1191 325 1238 est
337 1189 418 1247 natu,
433 1197 501 1236 meo
510 1178 583 1256 jure
595 1177 770 1256 respondeo.
1137 1241 1139 1244 ,

211 1279 259 1332 33.
277 1273 433 1334 Somvots.
450 1275 547 1332 Recte
556 1286 589 1332 tu
600 1272 735 1352 quidem:
754 1275 949 1351 quamobrem
965 1275 1124 1336 audiamus

211 1463 250 1524 X.
271 1465 408 1524 Lamus.
425 1463 538 1524 Audite
549 1484 631 1542 ergo,
643 1463 747 1542 optimi
758 1463 823 1533 viri,
833 1459 869 1522 ea
879 1485 946 1543 quae
959 1465 1124 1544 saepissime

171 1559 249 1616 inter
264 1578 313 1618 me
330 1572 361 1617 et
374 1559 549 1638 Scipionem
564 1560 602 1618 de
620 1559 751 1620 amicitia
764 1559 1004 1620 disserebanturt
1025 1581 1126 1638 quam·

171 1675 261 1733 quam
275 1655 327 1713 ille
342 1655 464 1732 quidem
477 1655 549 1714 nihil
565 1655 714 1714 difficilius
728 1676 793 1714 esse
808 1655 935 1726 dicebat,
950 1675 1040 1734 quam
1055 1657 1125 1714 ami·
1145 1641 1149 1648 ’

171 1750 270 1810 citiam
291 1771 385 1826 usque
406 1750 443 1809 ad
463 1764 632 1812 extremum
652 1751 720 1809 vite
741 1771 927 1829 permanere.
969 1753 1050 1810 Nam
1066 1753 1125 1823 vel,

171 1857 280 1904 utnon
295 1845 377 1904 idem
392 1845 562 1923 expediret,
576 1845 709 1906 incidere
721 1866 822 1923 saepe;
843 1846 901 1916 vel,
916 1857 950 1904 ut
962 1845 1000 1904 de
1017 1848 1124 1926 repub·

171 1941 230 1998 lica
245 1960 304 1998 non
321 1939 403 2001 idern
423 1941 600 2000 sentiretur:
625 1941 734 1998 m'utsri
751 1941 842 1999 etiam
859 1961 956 2000 mores
972 1941 1126 2000 hominum

171 2055 253 2114 saepe
274 2035 403 2108 dicebat,
421 2035 494 2110 sliss
518 2034 649 2096 adversis
672 2035 771 2106 rebus,
790 2037 863 2096 alies
887 2049 975 2096 aetats
992 2037 1126 2114 ingrave-

172 2143 282 2190 scente.
322 2131 424 2208 Atque
441 2150 546 2191 earum
566 2149 670 2205 rerunt
684 2132 858 2209 exemplum
876 2151 915 2190 ex
932 2131 1126 2190 similitudine

173 2226 310 2305 capiebat
330 2225 459 2284 ineuntis
479 2225 583 2295 aetstis,
598 2225 677 2303 quod
697 2225 814 2286 summi·
825 2245 986 2303 puerorum
1010 2246 1126 2285 amores

173 2341 254 2399 steps
274 2339 335 2378 una
355 2335 423 2378 cum
441 2330 586 2400 praetexta
602 2332 790 2399 ponerentur.
832 2324 887 2378 34.Ἰ
900 2319 954 2378 Sin
973 2333 1070 2378 autem
1089 2320 1126 2379 sd

173 2414 402 2475 adolescentiam
422 2415 644 2493 perduxissent,
662 2415 760 2476 dirimi
777 2429 874 2475 tamen
891 2415 1039 2474 interdum
1060 2435 1127 2474 con-

173 2511 314 2580 tentione,
332 2512 380 2568 vel
404 2510 516 2572 uxoriae
544 2495 733 2582 conditionis,
745 2513 794 2570 vel
819 2509 966 2569 commodi
984 2511 1126 2590 alicujus,

174 2605 254 2683 quod
275 2605 356 2664 idem
381 2605 507 2683 adipisci
529 2619 655 2684 uterque
678 2625 738 2664 non
762 2619 869 2685 posset.
917 2606 1008 2678 Quod
1032 2607 1058 2665 si
1077 2607 1129 2684 qui

173 2701 291 2778 longius
301 2701 332 2759 in
344 2701 473 2760 amicitia
484 2701 616 2780 provecti
626 2714 735 2771 esseut,
743 2714 842 2760 tamen
854 2722 934 2781 saepe
945 2702 1128 2773 labefactari,

173 2797 197 2856 si
211 2797 242 2856 in
256 2797 375 2856 honoris
393 2797 611 2856 contentionem
624 2797 813 2858 incidissent:
835 2812 954 2876 pestem
971 2799 1051 2858 enirn
1069 2819 1128 2857 rna·

173 2891 273 2969 jarem
286 2912 352 2951 esse
366 2894 477 2955 nullam
487 2892 517 2952 in
533 2893 677 2964 amicitiis,
689 2913 777 2971 quarn
788 2893 819 2950 in
830 2895 982 2973 plerisque
992 2896 1128 2974 pecuniis

174 2987 386 3065 cupiditatem
413 2989 445 3046 in
465 2988 584 3066 optimis
602 2987 769 3065 quibusque
789 2988 907 3048 honoris
929 3003 1079 3049 certamen
1100 3003 1129 3048 et

174 3083 294 3160 gloriae3
316 3103 356 3140 ex
372 3103 431 3160 quo
448 3082 616 3143 lnimicitias
633 3082 778 3150 maximas
796 3103 878 3162 saepe
895 3083 974 3142 inter
990 3084 1129 3142 amicissi-

174 3196 237 3236 mos
257 3178 416 3236 exstitisse.
456 3183 504 3238 35.
526 3179 640 3256 Magna
656 3178 748 3238 etiem
765 3179 887 3238 dissidia
903 3192 934 3237 et
950 3181 1129 3259 plerumque

173 3272 259 3350 justa
269 3273 361 3343 nasci,
372 3292 441 3332 curn
456 3273 566 3351 aliquid
579 3275 617 3332 ab
628 3273 740 3344 amicis,
752 3274 832 3352 quod
842 3287 958 3333 rectum
968 3294 1026 3332 non
1041 3287 1128 3343 esset,

172 3369 393 3447 postularetur3
415 3381 509 3428 utaut
519 3368 652 3428 libidinis
662 3369 798 3440 ministri,
809 3369 1021 3447 eut-adjutores
1031 3380 1130 3426 essent

173 3462 211 3520 ad
228 3462 385 3540 injuriem—
419 3463 513 3535 Qltod
532 3464 784 3541 qui'recusateut,
801 3463 935 3540 quamvis
955 3463 1077 3520 honeste
1098 3460 1130 3518 id

173 3556 314 3627 facerent,
325 3559 377 3637 jus
393 3571 494 3625 temen
509 3559 647 3621 amicitiae
662 3559 803 3619 deserere
820 3569 1015 3634 arguerentur
1031 3556 1129 3627 abiis,

173 3652 278 3728 quibus
292 3654 418 3732 obsequi
432 3655 562 3727 nollent;
583 3655 651 3717 illos
666 3665 775 3722 autem,
787 3651 837 3729 qui
851 3650 968 3728 quidvis
980 3650 1022 3708 ab*
1033 3652 1130 3710 amico

174 3747 330 3814 roderent:
340 3752 502 3828 postulare.
519 3751 718 3828 postulatione
730 3747 797 3826 ipsa
816 3745 957 3826 profiteri,
974 3747 1075 3804 omnia
1096 3767 1130 3806 se

174 3842 262 3908 antei
282 3865 375 3908 eausa
393 3866 460 3910 esse
480 3846 621 3912 fecturus.
671 3844 786 3906 Eorum
805 3842 933 3922 querela
950 3841 1130 3904 inveteratos
