<?xml version="1.0" encoding="UTF-8"?>
<!DOCTYPE html PUBLIC "-//W3C//DTD XHTML 1.0 Transitional//EN"
    "http://www.w3.org/TR/xhtml1/DTD/xhtml1-transitional.dtd">
<html xmlns="http://www.w3.org/1999/xhtml" xml:lang="en" lang="en">
 <head>
  <title>
</title>
<meta http-equiv="Content-Type" content="text/html;charset=utf-8" />
  <meta name='ocr-system' content='tesseract 3.04.00' />
  <meta name='ocr-capabilities' content='ocr_page ocr_carea ocr_par ocr_line ocrx_word'/>
</head>
<body>
  <div class='ocr_page' id='page_1' title='image "./desenectutedeam00anthgoog_0030.png"; bbox 0 0 2664 4508; ppageno 0'>
   <div class='ocr_carea' id='block_1_1' title="bbox 354 382 1143 448">
    <p class='ocr_par' dir='ltr' id='par_1_1' title="bbox 354 382 1143 448">
     <span class='ocr_line' id='line_1_1' title="bbox 354 382 1143 448; baseline 0.005 -14"><span class='ocrx_word' id='word_1_1' title='bbox 354 392 427 436; x_wconf 83' lang='lat' dir='ltr'><strong>aiva</strong></span> <span class='ocrx_word' id='word_1_2' title='bbox 444 393 488 435; x_wconf 86' lang='lat' dir='ltr'><strong>nn</strong></span> <span class='ocrx_word' id='word_1_3' title='bbox 504 391 811 438; x_wconf 73' lang='lat' dir='ltr'><strong>enunciare-cnr.</strong></span> <span class='ocrx_word' id='word_1_4' title='bbox 828 395 972 448; x_wconf 86' lang='lat' dir='ltr'><strong>v11.‚v1u.</strong></span> <span class='ocrx_word' id='word_1_5' title='bbox 1121 382 1143 438; x_wconf 82' lang='grc'>9</span> 
     </span>
    </p>
   </div>
   <div class='ocr_carea' id='block_1_2' title="bbox 187 523 1200 2321">
    <p class='ocr_par' dir='ltr' id='par_1_2' title="bbox 187 523 1200 2321">
     <span class='ocr_line' id='line_1_2' title="bbox 189 523 1143 606; baseline 0.005 -25"><span class='ocrx_word' id='word_1_6' title='bbox 189 535 314 604; x_wconf 86' lang='lat' dir='ltr'><strong>propter</strong></span> <span class='ocrx_word' id='word_1_7' title='bbox 326 523 466 595; x_wconf 73' lang='lat' dir='ltr'><strong>studIum</strong></span> <span class='ocrx_word' id='word_1_8' title='bbox 476 545 545 584; x_wconf 92' lang='lat' dir='ltr'><strong>cum</strong></span> <span class='ocrx_word' id='word_1_9' title='bbox 555 545 620 584; x_wconf 92' lang='lat' dir='ltr'><strong>rem</strong></span> <span class='ocrx_word' id='word_1_10' title='bbox 631 525 785 606; x_wconf 78' lang='lat' dir='ltr'>negligere</span> <span class='ocrx_word' id='word_1_11' title='bbox 795 525 972 586; x_wconf 82' lang='lat' dir='ltr'><strong>familiarem</strong></span> <span class='ocrx_word' id='word_1_12' title='bbox 981 525 1143 599; x_wconf 85' lang='lat' dir='ltr'><strong>videretur,</strong></span> 
     </span>
     <span class='ocr_line' id='line_1_3' title="bbox 190 599 1144 700; baseline 0.003 -22"><span class='ocrx_word' id='word_1_13' title='bbox 190 620 290 679; x_wconf 78' lang='lat' dir='ltr'><strong>sfiliis</strong></span> <span class='ocrx_word' id='word_1_14' title='bbox 303 619 334 688; x_wconf 79' lang='lat' dir='ltr'><strong>in</strong></span> <span class='ocrx_word' id='word_1_15' title='bbox 345 620 495 700; x_wconf 88' lang='lat' dir='ltr'><strong>judicium</strong></span> <span class='ocrx_word' id='word_1_16' title='bbox 513 634 634 680; x_wconf 85' lang='lat' dir='ltr'><strong>vocatus</strong></span> <span class='ocrx_word' id='word_1_17' title='bbox 651 633 705 692; x_wconf 89' lang='lat' dir='ltr'><strong>est,</strong></span> <span class='ocrx_word' id='word_1_18' title='bbox 719 599 1027 698; x_wconf 68' lang='lat' dir='ltr'><strong>utquamadmodum</strong></span> <span class='ocrx_word' id='word_1_19' title='bbox 1043 633 1144 681; x_wconf 86' lang='lat' dir='ltr'><strong>nostr&#39;o</strong></span> 
     </span>
     <span class='ocr_line' id='line_1_4' title="bbox 188 717 1141 800; baseline 0.003 -27"><span class='ocrx_word' id='word_1_20' title='bbox 188 735 271 774; x_wconf 91' lang='lat' dir='ltr'><strong>more</strong></span> <span class='ocrx_word' id='word_1_21' title='bbox 285 717 362 775; x_wconf 90' lang='lat' dir='ltr'><strong>male</strong></span> <span class='ocrx_word' id='word_1_22' title='bbox 379 737 443 775; x_wconf 89' lang='lat' dir='ltr'><strong>rem</strong></span> <span class='ocrx_word' id='word_1_23' title='bbox 459 717 632 796; x_wconf 83' lang='lat' dir='ltr'><strong>gerentibus</strong></span> <span class='ocrx_word' id='word_1_24' title='bbox 646 717 780 796; x_wconf 86' lang='lat' dir='ltr'><strong>patribus</strong></span> <span class='ocrx_word' id='word_1_25' title='bbox 793 718 878 776; x_wconf 90' lang='lat' dir='ltr'><strong>bonis</strong></span> <span class='ocrx_word' id='word_1_26' title='bbox 893 717 1141 800; x_wconf 80' lang='lat' dir='ltr'><strong>interdicisolet3</strong></span> 
     </span>
     <span class='ocr_line' id='line_1_5' title="bbox 188 810 1143 891; baseline 0.003 -23"><span class='ocrx_word' id='word_1_27' title='bbox 188 810 232 869; x_wconf 88' lang='lat' dir='ltr'><strong>sic</strong></span> <span class='ocrx_word' id='word_1_28' title='bbox 252 812 346 881; x_wconf 91' lang='lat' dir='ltr'><strong>illum,</strong></span> <span class='ocrx_word' id='word_1_29' title='bbox 364 812 450 889; x_wconf 83' lang='lat' dir='ltr'>quasi</span> <span class='ocrx_word' id='word_1_30' title='bbox 471 811 680 891; x_wconf 85' lang='lat' dir='ltr'><strong>desipientem,</strong></span> <span class='ocrx_word' id='word_1_31' title='bbox 698 832 717 871; x_wconf 90' lang='lat' dir='ltr'><strong>a</strong></span> <span class='ocrx_word' id='word_1_32' title='bbox 738 833 771 872; x_wconf 91' lang='lat' dir='ltr'><strong>re</strong></span> <span class='ocrx_word' id='word_1_33' title='bbox 792 813 931 871; x_wconf 75' lang='lat' dir='ltr'>familiari</span> <span class='ocrx_word' id='word_1_34' title='bbox 954 825 1143 872; x_wconf 80' lang='lat' dir='ltr'><strong>removerent</strong></span> 
     </span>
     <span class='ocr_line' id='line_1_6' title="bbox 189 906 1142 987; baseline 0.003 -24"><span class='ocrx_word' id='word_1_35' title='bbox 189 906 317 983; x_wconf 88' lang='lat' dir='ltr'><strong>judices.</strong></span> <span class='ocrx_word' id='word_1_36' title='bbox 358 907 437 966; x_wconf 91' lang='lat' dir='ltr'><strong>Tum</strong></span> <span class='ocrx_word' id='word_1_37' title='bbox 451 927 544 980; x_wconf 83' lang='lat' dir='ltr'><strong>senex</strong></span> <span class='ocrx_word' id='word_1_38' title='bbox 554 907 663 966; x_wconf 80' lang='lat' dir='ltr'><strong>dicitur</strong></span> <span class='ocrx_word' id='word_1_39' title='bbox 676 928 742 967; x_wconf 92' lang='lat' dir='ltr'><strong>eam</strong></span> <span class='ocrx_word' id='word_1_40' title='bbox 752 909 895 980; x_wconf 80' lang='lat' dir='ltr'><strong>fabulam,</strong></span> <span class='ocrx_word' id='word_1_41' title='bbox 905 929 995 987; x_wconf 89' lang='lat' dir='ltr'><strong>quam</strong></span> <span class='ocrx_word' id='word_1_42' title='bbox 1005 909 1036 966; x_wconf 92' lang='lat' dir='ltr'><strong>iu</strong></span> <span class='ocrx_word' id='word_1_43' title='bbox 1051 909 1142 967; x_wconf 90' lang='lat' dir='ltr'><strong>mani·</strong></span> 
     </span>
     <span class='ocr_line' id='line_1_7' title="bbox 187 1002 1142 1082; baseline 0.003 -23"><span class='ocrx_word' id='word_1_44' title='bbox 187 1002 244 1059; x_wconf 91' lang='lat' dir='ltr'><strong>bus</strong></span> <span class='ocrx_word' id='word_1_45' title='bbox 264 1002 401 1072; x_wconf 90' lang='lat' dir='ltr'><strong>habebat,</strong></span> <span class='ocrx_word' id='word_1_46' title='bbox 418 1015 449 1061; x_wconf 80' lang='lat' dir='ltr'><strong>&#39;et</strong></span> <span class='ocrx_word' id='word_1_47' title='bbox 469 1003 606 1081; x_wconf 83' lang='lat' dir='ltr'><strong>proxime</strong></span> <span class='ocrx_word' id='word_1_48' title='bbox 629 1003 796 1082; x_wconf 80' lang='lat' dir='ltr'><strong>scripserat,</strong></span> <span class='ocrx_word' id='word_1_49' title='bbox 816 1004 961 1080; x_wconf 83' lang='lat' dir='ltr'><strong>OEdipum</strong></span> <span class='ocrx_word' id='word_1_50' title='bbox 981 1005 1142 1075; x_wconf 79' lang='lat' dir='ltr'><strong>Coloneum,</strong></span> 
     </span>
     <span class='ocr_line' id='line_1_8' title="bbox 187 1097 1143 1176; baseline 0.005 -22"><span class='ocrx_word' id='word_1_51' title='bbox 187 1097 329 1156; x_wconf 82' lang='lat' dir='ltr'><strong>recitasse</strong></span> <span class='ocrx_word' id='word_1_52' title='bbox 348 1097 512 1176; x_wconf 86' lang='lat' dir='ltr'><strong>judicibus,</strong></span> <span class='ocrx_word' id='word_1_53' title='bbox 530 1099 740 1176; x_wconf 79' lang='lat' dir='ltr'><strong>quaesisseque,</strong></span> <span class='ocrx_word' id='word_1_54' title='bbox 757 1119 828 1158; x_wconf 89' lang='lat' dir='ltr'><strong>num</strong></span> <span class='ocrx_word' id='word_1_55' title='bbox 852 1100 927 1160; x_wconf 90' lang='lat' dir='ltr'><strong>illud</strong></span> <span class='ocrx_word' id='word_1_56' title='bbox 949 1121 1069 1159; x_wconf 89' lang='lat' dir='ltr'><strong>carmen</strong></span> <span class='ocrx_word' id='word_1_57' title='bbox 1093 1100 1143 1160; x_wconf 89' lang='lat' dir='ltr'><strong>de·</strong></span> 
     </span>
     <span class='ocr_line' id='line_1_9' title="bbox 187 1191 1200 1274; baseline 0.005 -25"><span class='ocrx_word' id='word_1_58' title='bbox 187 1191 323 1270; x_wconf 86' lang='lat' dir='ltr'><strong>sipientis</strong></span> <span class='ocrx_word' id='word_1_59' title='bbox 339 1193 501 1252; x_wconf 78' lang='lat' dir='ltr'><strong>videretur.</strong></span> <span class='ocrx_word' id='word_1_60' title='bbox 541 1194 612 1264; x_wconf 81' lang='lat' dir='ltr'><strong>Quo</strong></span> <span class='ocrx_word' id='word_1_61' title='bbox 633 1195 765 1264; x_wconf 89' lang='lat' dir='ltr'><strong>recitato,</strong></span> <span class='ocrx_word' id='word_1_62' title='bbox 779 1195 932 1254; x_wconf 87' lang='lat' dir='ltr'><strong>sententiis</strong></span> <span class='ocrx_word' id='word_1_63' title='bbox 944 1195 1082 1274; x_wconf 86' lang='lat' dir='ltr'><strong>judicum</strong></span> <span class='ocrx_word' id='word_1_64' title='bbox 1099 1207 1143 1258; x_wconf 86' lang='lat' dir='ltr'><strong>est</strong></span> <span class='ocrx_word' id='word_1_65' title='bbox 1195 1213 1200 1223; x_wconf 83' lang='lat'><strong>·</strong></span> 
     </span>
     <span class='ocr_line' id='line_1_10' title="bbox 188 1286 1144 1366; baseline 0.005 -22"><span class='ocrx_word' id='word_1_66' title='bbox 188 1286 342 1346; x_wconf 88' lang='lat' dir='ltr'><strong>liberatus.</strong></span> <span class='ocrx_word' id='word_1_67' title='bbox 390 1293 439 1346; x_wconf 79' lang='lat'><strong>23.</strong></span> <span class='ocrx_word' id='word_1_68' title='bbox 460 1288 544 1345; x_wconf 90' lang='lat' dir='ltr'><strong>Num</strong></span> <span class='ocrx_word' id='word_1_69' title='bbox 563 1288 653 1366; x_wconf 90' lang='lat' dir='ltr'><strong>igitur</strong></span> <span class='ocrx_word' id='word_1_70' title='bbox 672 1289 761 1357; x_wconf 89' lang='lat' dir='ltr'><strong>hunc,</strong></span> <span class='ocrx_word' id='word_1_71' title='bbox 781 1309 853 1347; x_wconf 91' lang='lat' dir='ltr'><strong>num</strong></span> <span class='ocrx_word' id='word_1_72' title='bbox 873 1290 1053 1360; x_wconf 83' lang='lat' dir='ltr'><strong>Homerum,</strong></span> <span class='ocrx_word' id='word_1_73' title='bbox 1071 1311 1144 1350; x_wconf 90' lang='lat' dir='ltr'><strong>num</strong></span> 
     </span>
     <span class='ocr_line' id='line_1_11' title="bbox 188 1381 1144 1467; baseline 0.004 -27"><span class='ocrx_word' id='word_1_74' title='bbox 188 1381 369 1452; x_wconf 85' lang='lat' dir='ltr'><strong>Hesiodum,</strong></span> <span class='ocrx_word' id='word_1_75' title='bbox 381 1403 451 1440; x_wconf 89' lang='lat' dir='ltr'><strong>num</strong></span> <span class='ocrx_word' id='word_1_76' title='bbox 464 1381 658 1453; x_wconf 85' lang='lat' dir='ltr'><strong>Simonidem,</strong></span> <span class='ocrx_word' id='word_1_77' title='bbox 668 1403 740 1441; x_wconf 89' lang='lat' dir='ltr'><strong>num</strong></span> <span class='ocrx_word' id='word_1_78' title='bbox 754 1383 966 1454; x_wconf 83' lang='lat' dir='ltr'><strong>Stesichorum,</strong></span> <span class='ocrx_word' id='word_1_79' title='bbox 978 1406 1059 1456; x_wconf 90' lang='lat' dir='ltr'><strong>num,</strong></span> <span class='ocrx_word' id='word_1_80' title='bbox 1070 1407 1144 1467; x_wconf 84' lang='lat' dir='ltr'><strong>quos</strong></span> 
     </span>
     <span class='ocr_line' id='line_1_12' title="bbox 188 1477 1144 1559; baseline 0.002 -23"><span class='ocrx_word' id='word_1_81' title='bbox 188 1489 258 1536; x_wconf 86' lang='lat' dir='ltr'><strong>ante</strong></span> <span class='ocrx_word' id='word_1_82' title='bbox 275 1477 348 1548; x_wconf 87' lang='lat' dir='ltr'><strong>dixi,</strong></span> <span class='ocrx_word' id='word_1_83' title='bbox 362 1478 539 1550; x_wconf 87' lang='lat' dir='ltr'><strong>Isocratem,</strong></span> <span class='ocrx_word' id='word_1_84' title='bbox 554 1479 708 1556; x_wconf 85' lang='lat' dir='ltr'><strong>Gorgiam,</strong></span> <span class='ocrx_word' id='word_1_85' title='bbox 718 1499 795 1538; x_wconf 88' lang='lat' dir='ltr'><strong>num</strong></span> <span class='ocrx_word' id='word_1_86' title='bbox 808 1479 1051 1558; x_wconf 87' lang='lat' dir='ltr'><strong>philosophorum</strong></span> <span class='ocrx_word' id='word_1_87' title='bbox 1065 1479 1144 1559; x_wconf 84' lang='lat' dir='ltr'><strong>prin·</strong></span> 
     </span>
     <span class='ocr_line' id='line_1_13' title="bbox 188 1571 1144 1652; baseline 0.002 -20"><span class='ocrx_word' id='word_1_88' title='bbox 188 1573 281 1652; x_wconf 88' lang='lat' dir='ltr'><strong>cipes,</strong></span> <span class='ocrx_word' id='word_1_89' title='bbox 305 1573 518 1652; x_wconf 84' lang='lat' dir='ltr'><strong>Pythagoram,</strong></span> <span class='ocrx_word' id='word_1_90' title='bbox 540 1571 757 1644; x_wconf 89' lang='lat' dir='ltr'><strong>Democritum,</strong></span> <span class='ocrx_word' id='word_1_91' title='bbox 781 1595 854 1632; x_wconf 90' lang='lat' dir='ltr'><strong>num</strong></span> <span class='ocrx_word' id='word_1_92' title='bbox 878 1575 1047 1645; x_wconf 87' lang='lat' dir='ltr'><strong>Platonem,</strong></span> <span class='ocrx_word' id='word_1_93' title='bbox 1071 1596 1144 1636; x_wconf 90' lang='lat' dir='ltr'><strong>num</strong></span> 
     </span>
     <span class='ocr_line' id='line_1_14' title="bbox 188 1668 1143 1748; baseline 0.004 -22"><span class='ocrx_word' id='word_1_94' title='bbox 188 1668 400 1739; x_wconf 87' lang='lat' dir='ltr'><strong>Xenocratem,</strong></span> <span class='ocrx_word' id='word_1_95' title='bbox 414 1690 485 1727; x_wconf 88' lang='lat' dir='ltr'><strong>num</strong></span> <span class='ocrx_word' id='word_1_96' title='bbox 499 1682 604 1748; x_wconf 88' lang='lat' dir='ltr'><strong>postea</strong></span> <span class='ocrx_word' id='word_1_97' title='bbox 617 1669 782 1738; x_wconf 84' lang='lat' dir='ltr'><strong>Zenonem,</strong></span> <span class='ocrx_word' id='word_1_98' title='bbox 798 1669 984 1740; x_wconf 87' lang='lat' dir='ltr'><strong>Cleanthem,</strong></span> <span class='ocrx_word' id='word_1_99' title='bbox 1000 1683 1050 1729; x_wconf 88' lang='lat' dir='ltr'><strong>aut</strong></span> <span class='ocrx_word' id='word_1_100' title='bbox 1064 1691 1143 1742; x_wconf 86' lang='lat' dir='ltr'><strong>eum,</strong></span> 
     </span>
     <span class='ocr_line' id='line_1_15' title="bbox 189 1764 1145 1846; baseline 0.003 -24"><span class='ocrx_word' id='word_1_101' title='bbox 189 1783 279 1840; x_wconf 90' lang='lat' dir='ltr'><strong>quern</strong></span> <span class='ocrx_word' id='word_1_102' title='bbox 292 1785 344 1823; x_wconf 84' lang='lat' dir='ltr'><strong>voa</strong></span> <span class='ocrx_word' id='word_1_103' title='bbox 359 1765 448 1823; x_wconf 84' lang='lat' dir='ltr'><strong>etiam</strong></span> <span class='ocrx_word' id='word_1_104' title='bbox 459 1765 564 1824; x_wconf 86' lang='lat' dir='ltr'><strong>Romae</strong></span> <span class='ocrx_word' id='word_1_105' title='bbox 575 1764 699 1835; x_wconf 84' lang='lat' dir='ltr'><strong>vidistis,</strong></span> <span class='ocrx_word' id='word_1_106' title='bbox 712 1764 880 1844; x_wconf 86' lang='lat' dir='ltr'><strong>Diogenem</strong></span> <span class='ocrx_word' id='word_1_107' title='bbox 892 1765 1035 1837; x_wconf 89' lang='lat' dir='ltr'><strong>Stoicum,</strong></span> <span class='ocrx_word' id='word_1_108' title='bbox 1048 1767 1145 1846; x_wconf 72' lang='lat' dir='ltr'><strong>coegit</strong></span> 
     </span>
     <span class='ocr_line' id='line_1_16' title="bbox 188 1859 1145 1920; baseline 0.002 -2"><span class='ocrx_word' id='word_1_109' title='bbox 188 1860 220 1918; x_wconf 90' lang='lat' dir='ltr'><strong>in</strong></span> <span class='ocrx_word' id='word_1_110' title='bbox 237 1860 298 1920; x_wconf 91' lang='lat' dir='ltr'><strong>suis</strong></span> <span class='ocrx_word' id='word_1_111' title='bbox 314 1859 419 1919; x_wconf 88' lang='lat' dir='ltr'><strong>studiis</strong></span> <span class='ocrx_word' id='word_1_112' title='bbox 437 1861 643 1919; x_wconf 87' lang='lat' dir='ltr'><strong>obmutescere</strong></span> <span class='ocrx_word' id='word_1_113' title='bbox 661 1860 822 1920; x_wconf 80' lang='lat' dir='ltr'><strong>senectusi</strong></span> <span class='ocrx_word' id='word_1_114' title='bbox 843 1881 880 1918; x_wconf 89' lang='lat' dir='ltr'><strong>an</strong></span> <span class='ocrx_word' id='word_1_115' title='bbox 897 1861 928 1919; x_wconf 89' lang='lat' dir='ltr'><strong>in</strong></span> <span class='ocrx_word' id='word_1_116' title='bbox 946 1863 1083 1920; x_wconf 86' lang='lat' dir='ltr'><strong>omnibus</strong></span> <span class='ocrx_word' id='word_1_117' title='bbox 1098 1862 1145 1920; x_wconf 91' lang='lat' dir='ltr'><strong>his</strong></span> 
     </span>
     <span class='ocr_line' id='line_1_17' title="bbox 190 1955 1145 2036; baseline 0.002 -23"><span class='ocrx_word' id='word_1_118' title='bbox 190 1956 354 2014; x_wconf 89' lang='lat' dir='ltr'><strong>studiorum</strong></span> <span class='ocrx_word' id='word_1_119' title='bbox 376 1955 501 2036; x_wconf 89' lang='lat' dir='ltr'><strong>agitatio</strong></span> <span class='ocrx_word' id='word_1_120' title='bbox 520 1955 588 2014; x_wconf 84' lang='lat' dir='ltr'><strong>vitae</strong></span> <span class='ocrx_word' id='word_1_121' title='bbox 610 1957 733 2033; x_wconf 81' lang='lat' dir='ltr'><strong>aequalis</strong></span> <span class='ocrx_word' id='word_1_122' title='bbox 754 1955 832 2015; x_wconf 76' lang='lat' dir='ltr'><strong>fuiti</strong></span> <span class='ocrx_word' id='word_1_123' title='bbox 877 1961 925 2015; x_wconf 88' lang='grc'><strong>24.</strong></span> <span class='ocrx_word' id='word_1_124' title='bbox 946 1957 1024 2036; x_wconf 85' lang='lat' dir='ltr'><strong>Aga,</strong></span> <span class='ocrx_word' id='word_1_125' title='bbox 1038 1970 1073 2015; x_wconf 87' lang='lat' dir='ltr'><strong>ut</strong></span> <span class='ocrx_word' id='word_1_126' title='bbox 1088 1957 1145 2015; x_wconf 89' lang='lat' dir='ltr'><strong>ista</strong></span> 
     </span>
     <span class='ocr_line' id='line_1_18' title="bbox 190 2049 1145 2132; baseline 0.002 -23"><span class='ocrx_word' id='word_1_127' title='bbox 190 2049 290 2111; x_wconf 84' lang='lat' dir='ltr'><strong>divina</strong></span> <span class='ocrx_word' id='word_1_128' title='bbox 301 2051 402 2110; x_wconf 90' lang='lat' dir='ltr'><strong>studia·</strong></span> <span class='ocrx_word' id='word_1_129' title='bbox 412 2052 590 2120; x_wconf 87' lang='lat' dir='ltr'><strong>omittamus,</strong></span> <span class='ocrx_word' id='word_1_130' title='bbox 600 2073 720 2131; x_wconf 87' lang='lat' dir='ltr'><strong>possum</strong></span> <span class='ocrx_word' id='word_1_131' title='bbox 734 2052 887 2112; x_wconf 88' lang='lat' dir='ltr'><strong>nominare</strong></span> <span class='ocrx_word' id='word_1_132' title='bbox 899 2073 938 2112; x_wconf 86' lang='lat' dir='ltr'><strong>ex</strong></span> <span class='ocrx_word' id='word_1_133' title='bbox 949 2072 1021 2132; x_wconf 91' lang='lat' dir='ltr'><strong>agro</strong></span> <span class='ocrx_word' id='word_1_134' title='bbox 1032 2053 1145 2112; x_wconf 89' lang='lat' dir='ltr'><strong>Sabino</strong></span> 
     </span>
     <span class='ocr_line' id='line_1_19' title="bbox 190 2147 1145 2226; baseline 0.002 -22"><span class='ocrx_word' id='word_1_135' title='bbox 190 2147 316 2205; x_wconf 80' lang='lat' dir='ltr'><strong>rusticos</strong></span> <span class='ocrx_word' id='word_1_136' title='bbox 333 2147 494 2217; x_wconf 87' lang='lat' dir='ltr'><strong>Romanos,</strong></span> <span class='ocrx_word' id='word_1_137' title='bbox 509 2147 621 2206; x_wconf 87' lang='lat' dir='ltr'><strong>vicinos</strong></span> <span class='ocrx_word' id='word_1_138' title='bbox 639 2160 668 2205; x_wconf 90' lang='lat' dir='ltr'><strong>et</strong></span> <span class='ocrx_word' id='word_1_139' title='bbox 684 2149 845 2206; x_wconf 85' lang='lat' dir='ltr'><strong>familiares</strong></span> <span class='ocrx_word' id='word_1_140' title='bbox 862 2169 956 2218; x_wconf 88' lang='lat' dir='ltr'><strong>meos,</strong></span> <span class='ocrx_word' id='word_1_141' title='bbox 971 2148 1078 2226; x_wconf 91' lang='lat' dir='ltr'><strong>quibus</strong></span> <span class='ocrx_word' id='word_1_142' title='bbox 1096 2149 1145 2206; x_wconf 91' lang='lat' dir='ltr'><strong>ab·</strong></span> 
     </span>
     <span class='ocr_line' id='line_1_20' title="bbox 190 2243 1145 2321; baseline -0.003 -19"><span class='ocrx_word' id='word_1_143' title='bbox 190 2243 333 2314; x_wconf 87' lang='lat' dir='ltr'><strong>sentibus,</strong></span> <span class='ocrx_word' id='word_1_144' title='bbox 350 2263 502 2321; x_wconf 87' lang='lat' dir='ltr'><strong>nunquam</strong></span> <span class='ocrx_word' id='word_1_145' title='bbox 519 2243 582 2302; x_wconf 84' lang='lat' dir='ltr'><strong>fere</strong></span> <span class='ocrx_word' id='word_1_146' title='bbox 603 2243 665 2300; x_wconf 90' lang='lat' dir='ltr'><strong>ulla</strong></span> <span class='ocrx_word' id='word_1_147' title='bbox 681 2243 710 2300; x_wconf 89' lang='lat' dir='ltr'><strong>in</strong></span> <span class='ocrx_word' id='word_1_148' title='bbox 732 2262 804 2320; x_wconf 84' lang='lat' dir='ltr'><strong>agro</strong></span> <span class='ocrx_word' id='word_1_149' title='bbox 820 2243 934 2321; x_wconf 87' lang='lat' dir='ltr'><strong>majora</strong></span> <span class='ocrx_word' id='word_1_150' title='bbox 955 2263 1047 2320; x_wconf 88' lang='lat' dir='ltr'><strong>opera</strong></span> <span class='ocrx_word' id='word_1_151' title='bbox 1062 2243 1145 2312; x_wconf 91' lang='lat' dir='ltr'><strong>fiunt,</strong></span> 
     </span>
    </p>
   </div>
   <div class='ocr_carea' id='block_1_3' title="bbox 92 2337 1146 2418">
    <p class='ocr_par' dir='ltr' id='par_1_3' title="bbox 92 2337 1146 2418">
     <span class='ocr_line' id='line_1_21' title="bbox 92 2337 1146 2418; baseline -0.002 -20"><span class='ocrx_word' id='word_1_152' title='bbox 92 2337 94 2340; x_wconf 64' lang='grc'><strong>’</strong></span> <span class='ocrx_word' id='word_1_153' title='bbox 191 2359 252 2399; x_wconf 90' lang='lat' dir='ltr'><strong>non</strong></span> <span class='ocrx_word' id='word_1_154' title='bbox 272 2338 416 2410; x_wconf 85' lang='lat' dir='ltr'><strong>serendis,</strong></span> <span class='ocrx_word' id='word_1_155' title='bbox 433 2361 492 2398; x_wconf 88' lang='lat' dir='ltr'><strong>non</strong></span> <span class='ocrx_word' id='word_1_156' title='bbox 510 2337 721 2418; x_wconf 89' lang='lat' dir='ltr'><strong>percipiendis,</strong></span> <span class='ocrx_word' id='word_1_157' title='bbox 737 2358 795 2395; x_wconf 89' lang='lat' dir='ltr'><strong>non</strong></span> <span class='ocrx_word' id='word_1_158' title='bbox 815 2337 977 2395; x_wconf 87' lang='lat' dir='ltr'><strong>condendis</strong></span> <span class='ocrx_word' id='word_1_159' title='bbox 993 2338 1146 2396; x_wconf 85' lang='lat' dir='ltr'><strong>fructibus.</strong></span> 
     </span>
    </p>
   </div>
   <div class='ocr_carea' id='block_1_4' title="bbox 190 2431 1148 3278">
    <p class='ocr_par' dir='ltr' id='par_1_4' title="bbox 190 2431 1147 2894">
     <span class='ocr_line' id='line_1_22' title="bbox 192 2431 1147 2513; baseline -0.004 -19"><span class='ocrx_word' id='word_1_160' title='bbox 192 2435 381 2513; x_wconf 80' lang='lat' dir='ltr'><strong>Quamquam</strong></span> <span class='ocrx_word' id='word_1_161' title='bbox 401 2435 432 2493; x_wconf 92' lang='lat' dir='ltr'><strong>in</strong></span> <span class='ocrx_word' id='word_1_162' title='bbox 457 2435 523 2494; x_wconf 87' lang='lat' dir='ltr'><strong>aliis</strong></span> <span class='ocrx_word' id='word_1_163' title='bbox 544 2435 640 2492; x_wconf 88' lang='lat' dir='ltr'><strong>minus</strong></span> <span class='ocrx_word' id='word_1_164' title='bbox 659 2434 717 2492; x_wconf 91' lang='lat' dir='ltr'><strong>hoc</strong></span> <span class='ocrx_word' id='word_1_165' title='bbox 739 2433 865 2504; x_wconf 88' lang='lat' dir='ltr'><strong>mirum;</strong></span> <span class='ocrx_word' id='word_1_166' title='bbox 890 2450 979 2490; x_wconf 90' lang='lat' dir='ltr'><strong>nemo</strong></span> <span class='ocrx_word' id='word_1_167' title='bbox 1001 2431 1080 2490; x_wconf 91' lang='lat' dir='ltr'><strong>enim</strong></span> <span class='ocrx_word' id='word_1_168' title='bbox 1102 2445 1147 2491; x_wconf 88' lang='lat' dir='ltr'><strong>est</strong></span> 
     </span>
     <span class='ocr_line' id='line_1_23' title="bbox 190 2528 1147 2608; baseline -0.004 -18"><span class='ocrx_word' id='word_1_169' title='bbox 190 2544 251 2590; x_wconf 89' lang='lat' dir='ltr'><strong>tam</strong></span> <span class='ocrx_word' id='word_1_170' title='bbox 273 2551 377 2600; x_wconf 88' lang='lat' dir='ltr'><strong>senex,</strong></span> <span class='ocrx_word' id='word_1_171' title='bbox 391 2530 442 2608; x_wconf 92' lang='lat' dir='ltr'><strong>qui</strong></span> <span class='ocrx_word' id='word_1_172' title='bbox 463 2551 496 2589; x_wconf 82' lang='lat' dir='ltr'><strong>se</strong></span> <span class='ocrx_word' id='word_1_173' title='bbox 517 2551 627 2590; x_wconf 88' lang='lat' dir='ltr'><strong>annum</strong></span> <span class='ocrx_word' id='word_1_174' title='bbox 649 2551 709 2588; x_wconf 89' lang='lat' dir='ltr'><strong>non</strong></span> <span class='ocrx_word' id='word_1_175' title='bbox 731 2541 817 2608; x_wconf 89' lang='lat' dir='ltr'><strong>putet</strong></span> <span class='ocrx_word' id='word_1_176' title='bbox 837 2549 926 2607; x_wconf 91' lang='lat' dir='ltr'><strong>posse</strong></span> <span class='ocrx_word' id='word_1_177' title='bbox 947 2528 1064 2588; x_wconf 72' lang='lat' dir='ltr'><strong>iuvere:</strong></span> <span class='ocrx_word' id='word_1_178' title='bbox 1093 2528 1147 2587; x_wconf 90' lang='lat' dir='ltr'><strong>sed</strong></span> 
     </span>
     <span class='ocr_line' id='line_1_24' title="bbox 190 2623 1147 2704; baseline -0.002 -20"><span class='ocrx_word' id='word_1_179' title='bbox 190 2625 284 2685; x_wconf 90' lang='lat' dir='ltr'><strong>iidem</strong></span> <span class='ocrx_word' id='word_1_180' title='bbox 305 2627 336 2685; x_wconf 91' lang='lat' dir='ltr'><strong>in</strong></span> <span class='ocrx_word' id='word_1_181' title='bbox 360 2626 404 2685; x_wconf 89' lang='lat' dir='ltr'><strong>eis</strong></span> <span class='ocrx_word' id='word_1_182' title='bbox 428 2627 590 2696; x_wconf 88' lang='lat' dir='ltr'><strong>elaborant,</strong></span> <span class='ocrx_word' id='word_1_183' title='bbox 609 2647 676 2704; x_wconf 80' lang='lat' dir='ltr'><strong>quae</strong></span> <span class='ocrx_word' id='word_1_184' title='bbox 698 2626 798 2684; x_wconf 89' lang='lat' dir='ltr'><strong>sciunt</strong></span> <span class='ocrx_word' id='word_1_185' title='bbox 817 2623 891 2683; x_wconf 88' lang='lat' dir='ltr'><strong>nihil</strong></span> <span class='ocrx_word' id='word_1_186' title='bbox 912 2624 950 2683; x_wconf 87' lang='lat' dir='ltr'><strong>ad</strong></span> <span class='ocrx_word' id='word_1_187' title='bbox 971 2644 1004 2684; x_wconf 87' lang='lat' dir='ltr'><strong>se</strong></span> <span class='ocrx_word' id='word_1_188' title='bbox 1026 2625 1147 2683; x_wconf 89' lang='lat' dir='ltr'><strong>omnino</strong></span> 
     </span>
     <span class='ocr_line' id='line_1_25' title="bbox 190 2721 352 2802; baseline -0.006 -21"><span class='ocrx_word' id='word_1_189' title='bbox 190 2721 352 2802; x_wconf 87' lang='lat' dir='ltr'><strong>pertinere.</strong></span> 
     </span>
     <span class='ocr_line' id='line_1_26' title="bbox 331 2807 981 2894; baseline -0.002 -17"><span class='ocrx_word' id='word_1_190' title='bbox 331 2817 414 2877; x_wconf 84' lang='lat' dir='ltr'><strong>Serit</strong></span> <span class='ocrx_word' id='word_1_191' title='bbox 427 2817 551 2887; x_wconf 82' lang='lat' dir='ltr'><strong>arbores,</strong></span> <span class='ocrx_word' id='word_1_192' title='bbox 566 2835 630 2892; x_wconf 78' lang='lat' dir='ltr'><strong>que</strong></span> <span class='ocrx_word' id='word_1_193' title='bbox 652 2818 723 2878; x_wconf 78' lang='lat' dir='ltr'><strong>seclo</strong></span> <span class='ocrx_word' id='word_1_194' title='bbox 744 2818 860 2894; x_wconf 76' lang='lat' dir='ltr'><strong>praeiet</strong></span> <span class='ocrx_word' id='word_1_195' title='bbox 873 2807 875 2810; x_wconf 36' lang='lat'>¹</span> <span class='ocrx_word' id='word_1_196' title='bbox 886 2818 981 2887; x_wconf 84' lang='lat' dir='ltr'><strong>alteri,</strong></span> 
     </span>
    </p>

    <p class='ocr_par' dir='ltr' id='par_1_5' title="bbox 192 2910 1148 3278">
     <span class='ocr_line' id='line_1_27' title="bbox 192 2910 1148 2992; baseline -0.004 -19"><span class='ocrx_word' id='word_1_197' title='bbox 192 2926 225 2973; x_wconf 92' lang='lat' dir='ltr'><strong>ut</strong></span> <span class='ocrx_word' id='word_1_198' title='bbox 239 2914 279 2973; x_wconf 88' lang='lat' dir='ltr'><strong>ait</strong></span> <span class='ocrx_word' id='word_1_199' title='bbox 289 2914 401 2973; x_wconf 86' lang='lat' dir='ltr'><strong>Statius</strong></span> <span class='ocrx_word' id='word_1_200' title='bbox 414 2926 515 2971; x_wconf 90' lang='lat' dir='ltr'><strong>noster</strong></span> <span class='ocrx_word' id='word_1_201' title='bbox 524 2912 555 2970; x_wconf 90' lang='lat' dir='ltr'><strong>in</strong></span> <span class='ocrx_word' id='word_1_202' title='bbox 566 2911 763 2990; x_wconf 86' lang='lat' dir='ltr'><strong>Synephebis.</strong></span> <span class='ocrx_word' id='word_1_203' title='bbox 780 2983 785 2992; x_wconf 32' lang='lat'>¹</span> <span class='ocrx_word' id='word_1_204' title='bbox 803 2916 852 2969; x_wconf 81' lang='lat'><strong>25.</strong></span> <span class='ocrx_word' id='word_1_205' title='bbox 870 2911 939 2970; x_wconf 86' lang='lat' dir='ltr'><strong>Nec</strong></span> <span class='ocrx_word' id='word_1_206' title='bbox 949 2931 1018 2970; x_wconf 82' lang='lat' dir='ltr'><strong>vero</strong></span> <span class='ocrx_word' id='word_1_207' title='bbox 1030 2910 1148 2969; x_wconf 91' lang='lat' dir='ltr'><strong>dubitet</strong></span> 
     </span>
     <span class='ocr_line' id='line_1_28' title="bbox 193 3006 1147 3088; baseline -0.003 -19"><span class='ocrx_word' id='word_1_208' title='bbox 193 3010 334 3088; x_wconf 83' lang='lat' dir='ltr'><strong>agricola,</strong></span> <span class='ocrx_word' id='word_1_209' title='bbox 349 3008 484 3086; x_wconf 83' lang='lat' dir='ltr'><strong>quamvis</strong></span> <span class='ocrx_word' id='word_1_210' title='bbox 501 3027 603 3078; x_wconf 84' lang='lat' dir='ltr'><strong>sonex,</strong></span> <span class='ocrx_word' id='word_1_211' title='bbox 618 3007 772 3084; x_wconf 83' lang='lat' dir='ltr'><strong>quaerenti,</strong></span> <span class='ocrx_word' id='word_1_212' title='bbox 786 3007 833 3065; x_wconf 80' lang='lat' dir='ltr'><strong>cui</strong></span> <span class='ocrx_word' id='word_1_213' title='bbox 846 3017 932 3077; x_wconf 79' lang='lat' dir='ltr'><strong>serat,</strong></span> <span class='ocrx_word' id='word_1_214' title='bbox 946 3006 1147 3086; x_wconf 88' lang='lat' dir='ltr'><strong>respondere:</strong></span> 
     </span>
     <span class='ocr_line' id='line_1_29' title="bbox 192 3101 1148 3182; baseline -0.006 -17"><span class='ocrx_word' id='word_1_215' title='bbox 192 3107 264 3166; x_wconf 76' lang='lat' dir='ltr'><strong>Diis</strong></span> <span class='ocrx_word' id='word_1_216' title='bbox 273 3105 499 3174; x_wconf 71' lang='lat' dir='ltr'><strong>immortalibus,</strong></span> <span class='ocrx_word' id='word_1_217' title='bbox 511 3105 562 3182; x_wconf 77' lang='lat' dir='ltr'><strong>qai</strong></span> <span class='ocrx_word' id='word_1_218' title='bbox 572 3123 617 3162; x_wconf 84' lang='lat' dir='ltr'><strong>me</strong></span> <span class='ocrx_word' id='word_1_219' title='bbox 629 3124 685 3162; x_wconf 78' lang='lat' dir='ltr'><strong>aon</strong></span> <span class='ocrx_word' id='word_1_220' title='bbox 699 3104 825 3180; x_wconf 79' lang='lat' dir='ltr'><strong>accipere</strong></span> <span class='ocrx_word' id='word_1_221' title='bbox 838 3103 921 3162; x_wconf 82' lang='lat' dir='ltr'><strong>modo</strong></span> <span class='ocrx_word' id='word_1_222' title='bbox 931 3103 991 3162; x_wconf 80' lang='lat' dir='ltr'><strong>ltee</strong></span> <span class='ocrx_word' id='word_1_223' title='bbox 1002 3123 1021 3160; x_wconf 87' lang='grc' dir='ltr'><em>α</em></span> <span class='ocrx_word' id='word_1_224' title='bbox 1032 3101 1148 3180; x_wconf 76' lang='lat' dir='ltr'><strong>majori·</strong></span> 
     </span>
     <span class='ocr_line' id='line_1_30' title="bbox 193 3198 859 3278; baseline -0.005 -18"><span class='ocrx_word' id='word_1_225' title='bbox 193 3200 245 3259; x_wconf 74' lang='lat' dir='ltr'><strong>bats</strong></span> <span class='ocrx_word' id='word_1_226' title='bbox 257 3201 414 3278; x_wconf 75' lang='lat' dir='ltr'><strong>noluerunt,</strong></span> <span class='ocrx_word' id='word_1_227' title='bbox 428 3199 478 3258; x_wconf 78' lang='lat' dir='ltr'><strong>aed</strong></span> <span class='ocrx_word' id='word_1_228' title='bbox 487 3201 579 3258; x_wconf 84' lang='lat' dir='ltr'><strong>etiam</strong></span> <span class='ocrx_word' id='word_1_229' title='bbox 590 3199 715 3277; x_wconf 78' lang='lat' dir='ltr'><strong>porteris</strong></span> <span class='ocrx_word' id='word_1_230' title='bbox 725 3198 859 3276; x_wconf 80' lang='lat' dir='ltr'><strong>prodere.</strong></span> 
     </span>
    </p>
   </div>
   <div class='ocr_carea' id='block_1_5' title="bbox 195 3389 1148 3929">
    <p class='ocr_par' dir='ltr' id='par_1_6' title="bbox 195 3389 1148 3929">
     <span class='ocr_line' id='line_1_31' title="bbox 234 3389 1148 3465; baseline -0.004 -17"><span class='ocrx_word' id='word_1_231' title='bbox 234 3389 326 3449; x_wconf 90' lang='lat' dir='ltr'>VIII.</span> <span class='ocrx_word' id='word_1_232' title='bbox 347 3391 457 3450; x_wconf 91' lang='lat' dir='ltr'><strong>Melius</strong></span> <span class='ocrx_word' id='word_1_233' title='bbox 468 3391 607 3451; x_wconf 82' lang='lat' dir='ltr'><strong>Caecilius</strong></span> <span class='ocrx_word' id='word_1_234' title='bbox 617 3390 653 3450; x_wconf 84' lang='lat' dir='ltr'><strong>de</strong></span> <span class='ocrx_word' id='word_1_235' title='bbox 665 3412 728 3451; x_wconf 80' lang='lat' dir='ltr'><strong>rene</strong></span> <span class='ocrx_word' id='word_1_236' title='bbox 741 3391 828 3450; x_wconf 83' lang='lat' dir='ltr'><strong>alteri</strong></span> <span class='ocrx_word' id='word_1_237' title='bbox 841 3391 942 3449; x_wconf 80' lang='lat' dir='ltr'><strong>seculo</strong></span> <span class='ocrx_word' id='word_1_238' title='bbox 950 3389 1148 3465; x_wconf 76' lang='lat' dir='ltr'><strong>prospiciente,</strong></span> 
     </span>
     <span class='ocr_line' id='line_1_32' title="bbox 195 3486 487 3566; baseline 0.003 -20"><span class='ocrx_word' id='word_1_239' title='bbox 195 3506 285 3566; x_wconf 87' lang='lat' dir='ltr'><strong>quarn</strong></span> <span class='ocrx_word' id='word_1_240' title='bbox 299 3486 373 3545; x_wconf 91' lang='lat' dir='ltr'><strong>illud</strong></span> <span class='ocrx_word' id='word_1_241' title='bbox 388 3487 487 3547; x_wconf 90' lang='lat' dir='ltr'><strong>idem:</strong></span> 
     </span>
     <span class='ocr_line' id='line_1_33' title="bbox 274 3579 983 3659; baseline -0.008 -17"><span class='ocrx_word' id='word_1_242' title='bbox 274 3583 413 3659; x_wconf 67' lang='lat' dir='ltr'><strong>AEdepol,</strong></span> <span class='ocrx_word' id='word_1_243' title='bbox 427 3583 589 3652; x_wconf 69' lang='lat' dir='ltr'><strong>accremari</strong></span> <span class='ocrx_word' id='word_1_244' title='bbox 600 3583 645 3641; x_wconf 80' lang='lat' dir='ltr'><strong>nil</strong></span> <span class='ocrx_word' id='word_1_245' title='bbox 657 3579 817 3658; x_wconf 80' lang='lat' dir='ltr'><strong>quidquam</strong></span> <span class='ocrx_word' id='word_1_246' title='bbox 830 3579 915 3637; x_wconf 80' lang='lat' dir='ltr'><strong>aliud</strong></span> <span class='ocrx_word' id='word_1_247' title='bbox 930 3579 983 3637; x_wconf 77' lang='lat' dir='ltr'><strong>aits</strong></span> 
     </span>
     <span class='ocr_line' id='line_1_34' title="bbox 275 3671 1107 3756; baseline -0.01 -18"><span class='ocrx_word' id='word_1_248' title='bbox 275 3677 418 3756; x_wconf 77' lang='lat' dir='ltr'><strong>Apportes</strong></span> <span class='ocrx_word' id='word_1_249' title='bbox 431 3689 530 3749; x_wconf 84' lang='lat' dir='ltr'><strong>tecum,</strong></span> <span class='ocrx_word' id='word_1_250' title='bbox 544 3699 608 3737; x_wconf 78' lang='lat' dir='ltr'><strong>cem</strong></span> <span class='ocrx_word' id='word_1_251' title='bbox 621 3677 741 3735; x_wconf 75' lang='lat' dir='ltr'><strong>advertis</strong></span> <span class='ocrx_word' id='word_1_252' title='bbox 748 3699 761 3744; x_wconf 84' lang='lat'><strong>‚·</strong></span> <span class='ocrx_word' id='word_1_253' title='bbox 784 3694 872 3732; x_wconf 78' lang='lat' dir='ltr'><strong>crtum</strong></span> <span class='ocrx_word' id='word_1_254' title='bbox 885 3673 919 3732; x_wconf 87' lang='lat' dir='ltr'><strong>id</strong></span> <span class='ocrx_word' id='word_1_255' title='bbox 933 3683 980 3732; x_wconf 82' lang='lat' dir='ltr'><strong>eut</strong></span> <span class='ocrx_word' id='word_1_256' title='bbox 993 3685 1043 3745; x_wconf 84' lang='lat' dir='ltr'><strong>eat,</strong></span> <span class='ocrx_word' id='word_1_257' title='bbox 1105 3671 1107 3675; x_wconf 76' lang='grc'><strong>’</strong></span> 
     </span>
     <span class='ocr_line' id='line_1_35' title="bbox 279 3769 1013 3854; baseline -0.01 -17"><span class='ocrx_word' id='word_1_258' title='bbox 279 3776 367 3854; x_wconf 76' lang='lat' dir='ltr'><strong>Quod</strong></span> <span class='ocrx_word' id='word_1_259' title='bbox 381 3775 433 3836; x_wconf 83' lang='lat' dir='ltr'><strong>diu</strong></span> <span class='ocrx_word' id='word_1_260' title='bbox 446 3775 567 3836; x_wconf 79' lang='lat' dir='ltr'><strong>vivendo</strong></span> <span class='ocrx_word' id='word_1_261' title='bbox 580 3774 683 3843; x_wconf 82' lang='lat' dir='ltr'><strong>multa,</strong></span> <span class='ocrx_word' id='word_1_262' title='bbox 694 3791 760 3851; x_wconf 79' lang='lat' dir='ltr'><strong>que</strong></span> <span class='ocrx_word' id='word_1_263' title='bbox 772 3791 829 3832; x_wconf 75' lang='lat' dir='ltr'><strong>aon</strong></span> <span class='ocrx_word' id='word_1_264' title='bbox 842 3771 913 3842; x_wconf 82' lang='lat' dir='ltr'><strong>vult,</strong></span> <span class='ocrx_word' id='word_1_265' title='bbox 926 3769 1013 3836; x_wconf 78' lang='lat' dir='ltr'><strong>videt.</strong></span> 
     </span>
     <span class='ocr_line' id='line_1_36' title="bbox 641 3871 706 3929; baseline -0.015 0"><span class='ocrx_word' id='word_1_266' title='bbox 641 3871 670 3929; x_wconf 88' lang='lat' dir='ltr'>A</span> <span class='ocrx_word' id='word_1_267' title='bbox 688 3875 706 3928; x_wconf 82' lang='lat'><em>2</em></span> 
     </span>
    </p>
   </div>
   <div class='ocr_carea' id='block_1_6' title="bbox 0 0 1341 4508">
    <p class='ocr_par' dir='ltr' id='par_1_7' title="bbox 0 0 1341 4508">
     <span class='ocr_line' id='line_1_37' title="bbox 0 0 1341 4508; baseline 0 0"><span class='ocrx_word' id='word_1_268' title='bbox 0 0 1341 4508; x_wconf 95' lang='lat' dir='ltr'><strong> </strong></span> 
     </span>
    </p>
   </div>
  </div>
 </body>
</html>
