2664 4508
294 371 365 415 srvn
383 372 423 414 nn
442 367 957 422 suusorurne-osr.xv11.,xv111.
1061 353 1103 414 28

151 517 317 577 ueteranum
328 522 437 575 renim,
447 500 628 582 etinprimis
638 498 829 579 agricolandi
840 498 939 558 studia
949 513 1104 560 teneamus

150 621 244 680 risque
252 599 293 662 ud
299 601 437 672 uldmum
446 611 564 678 tompus
575 597 745 659 senectutis.
759 673 762 680 Δ
774 597 817 656 M.
823 595 1104 674 quidemVsIerium

150 697 283 756 Corvum
294 695 463 774 accepimus
472 693 511 754 ad
519 693 712 757 centesimum
724 712 833 754 annum
842 693 1028 772 perduxisse,
1034 713 1104 754 cum

149 804 228 852 esset
244 804 310 850 acta
320 791 386 870 jam
403 802 490 850 aetate
503 789 534 848 in
552 788 639 870 agris,
654 808 766 866 eosque
779 790 907 848 coleret:
929 790 1014 869 cujus
1027 789 1105 850 inter

148 886 280 966 primum
301 899 332 944 et
353 898 472 946 sextum
493 886 681 950 consulatum
701 903 757 944 sex
772 895 806 944 et
819 885 1016 963 quadraginta
1036 885 1105 945 anni

134 981 355 1050 ,interfuerunt
395 981 601 1060 Ita,quantum
613 980 744 1062 spatium
757 980 853 1040 rotatis
867 981 998 1060 majores
1012 981 1104 1042 nostri

148 1075 189 1136 ad
210 1077 372 1137 senectutis
395 1077 513 1137 initium
536 1097 605 1136 esse
617 1071 793 1148 'uoluerunt
814 1089 913 1136 tantus
934 1076 979 1135 illi
1000 1096 1105 1136 cursus

147 1173 299 1232 bonorum
308 1173 383 1234 furit:
402 1185 490 1250 atque
504 1171 571 1250 ejus
585 1183 722 1236 extrema
734 1184 805 1232 aetas
815 1172 873 1232 boc
883 1173 1007 1244 beatior,
1017 1193 1105 1250 quarn

146 1266 872 1346 media,qnodauctoritatisbabebatplus‚laboris
881 1267 987 1326 minus.
1013 1269 1106 1346 Apex

148 1376 198 1423 est
216 1375 319 1426 autem
339 1363 500 1422 senectutis
520 1361 689 1423 auctoritas.
736 1367 785 1421 61.
806 1362 928 1444 Quanta
943 1359 1000 1420 fuit
1019 1362 1050 1420 in
1068 1363 1106 1422 1..

72 1482 77 1488 ·
149 1459 274 1518 Oaecssio
284 1459 425 1518 Metello!
448 1470 558 1538 quauta
567 1457 598 1516 iu
608 1457 702 1516 Atilio
713 1456 867 1518 Calatino!
889 1457 920 1516 in
931 1477 1020 1536 quern
1031 1456 1107 1516 illud

148 1555 283 1634 elogium
299 1554 438 1614 unicum=
460 1553 606 1613 Plurima
622 1553 797 1612 manunt
808 1562 915 1629 genta,
923 1553 1029 1629 populi
1039 1553 1106 1629 pcd-

148 1652 275 1711 man'um
281 1649 381 1729 facim
393 1649 497 1708 virum.
538 1643 654 1709 Notum
668 1660 714 1732 est
728 1659 823 1708 totum
837 1665 966 1718 carmen,
980 1647 1106 1708 incisum

148 1745 181 1804 in
190 1747 336 1826 sepulcro.
376 1744 399 1803 J
400 1763 453 1803 ure
462 1743 555 1824 igitur
562 1743 670 1823 gravis,
679 1744 763 1822 cujus
774 1743 813 1804 de
824 1742 962 1802 laudibus
972 1743 1106 1802 omnium

149 1854 230 1901 esset
239 1842 318 1900 sarna
332 1841 534 1901 consentiens!
576 1839 680 1914 Quem
689 1839 785 1901 virum
799 1859 897 1918 nuper
907 1838 944 1898 P.
953 1839 1106 1910 Crassum,

149 1935 323 2016 pontificem
340 1937 503 1996 maximum
511 1959 521 2008 ;
543 1955 633 2013 quem
646 1948 753 2016 posteo
767 1935 811 1994 M.
820 1933 982 2014 Lepidum,
997 1935 1106 1994 eodem

149 2031 318 2091 sacerdotio
331 2031 500 2112 preditum,
510 2030 655 2092 vidimus!
699 2029 785 2108 Quid
797 2029 835 2088 de
844 2029 949 2102 Paulo,
961 2043 1013 2088 aut
1026 2029 1105 2088 Affi-

150 2146 227 2186 oano
240 2126 365 2204 loquan
386 2137 444 2206 aut,
457 2139 492 2185 ut
499 2127 566 2205 jum
581 2138 658 2196 unte,
673 2125 711 2184 de
726 2125 884 2185 MaximoI
905 2145 1033 2203 quorum
1047 2144 1107 2182 nou

149 2220 183 2279 in
196 2219 344 2280 sententia
356 2221 460 2292 solum,
470 2220 526 2280 sed
537 2219 626 2280 etiam
640 2219 672 2282 in
682 2231 758 2280 nutu
772 2219 924 2278 residebat
938 2219 1106 2278 auctoritas.

152 2317 257 2376 Habet
270 2329 416 2389 senectus,
425 2318 569 2376 honorata
579 2313 754 2395 praesertiru‚
763 2325 876 2372 tantum
887 2313 1106 2384 auctoritatem,

150 2423 184 2472 ut
194 2433 233 2472 ea
245 2411 343 2494 pluris
355 2412 404 2484 sit,
418 2433 508 2493 quam
521 2431 624 2472 omnes
639 2407 852 2480 adolescentiae
866 2409 1041 2487 voluptates.

190 2603 313 2663 XVIII.
334 2609 383 2664 62.
401 2603 465 2663 Sed
478 2603 509 2662 in
523 2602 605 2663 omni
620 2602 959 2670 orationemementote,
974 2619 1041 2660 earn
1055 2620 1106 2662 me
1126 2617 1130 2636 ¹

150 2712 337 2760 senectutem
352 2698 487 2769 laudare,
501 2719 568 2776 quae
584 2697 784 2758 fundamentis
804 2695 1014 2756 adolescentiae
1036 2717 1106 2756 con·

150 2795 253 2856 stituta
265 2795 320 2855 sit:
341 2814 381 2854 ex
394 2815 455 2873 quo
469 2794 596 2854 efficitur
607 2793 649 2866 id,
663 2793 744 2872 quod
757 2813 816 2873 ego
830 2813 939 2872 magno
953 2791 1106 2871 quondam

148 2911 220 2950 curn
233 2911 357 2950 assensu
370 2890 504 2950 omnium
517 2888 601 2951 dixi:
621 2890 765 2951 Miseram
783 2910 839 2952 estc
854 2899 1027 2962 smmum,
1041 2909 1106 2968 quo

149 3006 179 3046 sc
191 2989 320 3047 oratione
332 2986 502 3066 dq'ersderct.
543 2985 615 3052 Non
629 2985 777 3057 can1,non
794 3006 879 3065 rugos
895 2997 1020 3065 repente
1036 3005 1105 3045 auc·

149 3081 297 3142 toritatem
311 3083 443 3162 arripere
453 3095 592 3162 possum:
610 3082 663 3144 sed
675 3083 800 3162 honeste
813 3094 879 3141 acta
888 3080 1025 3160 superior
1034 3092 1107 3140 astas

150 3175 263 3238 fructus
284 3179 364 3258 capit
384 3177 566 3238 auctoritatis
585 3189 743 3258 extremos.
783 3182 832 3238 63.
849 3175 927 3238 Haec
944 3176 1024 3236 euim
1040 3175 1107 3254 ipsa

149 3285 219 3332 sunt
226 3273 422 3344 honorabilia,
431 3295 499 3356 quae
507 3273 646 3352 videntur
653 3273 731 3334 leuda
741 3285 830 3352 atque
841 3271 1018 3343 communia,
1027 3271 1105 3330 selu·

150 3367 217 3440 tari,
232 3369 343 3447 appeti,
357 3369 474 3442 decedi,
489 3369 612 3448 assurgi,
626 3368 872 3441 deduoi,reduc1‚
886 3366 1016 3428 consuli:
1038 3384 1105 3442 quae

64 3511 70 3518 .
150 3475 181 3524 et
198 3463 280 3542 apud
293 3484 357 3536 nos,
370 3477 402 3525 et
414 3464 445 3524 in
462 3466 527 3526 aliis
541 3463 715 3536 civitatibus,
730 3475 763 3524 ut
775 3481 902 3541 quaeque
917 3459 1030 3540 optime
1043 3477 1105 3518 mo·

148 3571 223 3630 ruta,
231 3559 273 3619 its
283 3558 507 3639 diligentissime
518 3562 717 3620 observantur.
759 3555 949 3636 Lysandrum
961 3553 1105 3614 Lucedae·

148 3655 293 3726 monium,
303 3656 389 3736 cujus
398 3656 487 3718 modo
496 3656 681 3717 montionem
690 3653 760 3725 feci,
769 3652 871 3711 dicere
882 3650 966 3710 aiant
975 3649 1105 3720 solitum,
1176 3691 1180 3698 -

149 3749 400 3816 Laosdaeruoneru
409 3773 476 3822 esse
484 3749 724 3814 honestissimum
733 3746 918 3811 domicilium
925 3746 1104 3810 cantatis
