<?xml version="1.0" encoding="UTF-8"?>
<!DOCTYPE html PUBLIC "-//W3C//DTD XHTML 1.0 Transitional//EN"
    "http://www.w3.org/TR/xhtml1/DTD/xhtml1-transitional.dtd">
<html xmlns="http://www.w3.org/1999/xhtml" xml:lang="en" lang="en">
 <head>
  <title>
</title>
<meta http-equiv="Content-Type" content="text/html;charset=utf-8" />
  <meta name='ocr-system' content='tesseract 3.04.00' />
  <meta name='ocr-capabilities' content='ocr_page ocr_carea ocr_par ocr_line ocrx_word'/>
</head>
<body>
  <div class='ocr_page' id='page_1' title='image "./desenectutedeam00anthgoog_0112.png"; bbox 0 0 2698 4508; ppageno 0'>
   <div class='ocr_carea' id='block_1_1' title="bbox 440 472 1132 536">
    <p class='ocr_par' dir='ltr' id='par_1_1' title="bbox 440 472 1132 536">
     <span class='ocr_line' id='line_1_1' title="bbox 440 472 1132 536; baseline 0.007 -12"><span class='ocrx_word' id='word_1_1' title='bbox 440 483 641 536; x_wconf 67' lang='lat' dir='ltr'><strong>messores,</strong></span> <span class='ocrx_word' id='word_1_2' title='bbox 656 485 810 528; x_wconf 82' lang='lat' dir='ltr'><strong>v1.-osr.</strong></span> <span class='ocrx_word' id='word_1_3' title='bbox 824 487 870 527; x_wconf 87' lang='lat'>111.</span> <span class='ocrx_word' id='word_1_4' title='bbox 1090 472 1132 530; x_wconf 83' lang='grc'><strong>89</strong></span> 
     </span>
    </p>
   </div>
   <div class='ocr_carea' id='block_1_2' title="bbox 180 611 1153 1170">
    <p class='ocr_par' dir='ltr' id='par_1_2' title="bbox 180 611 1153 1170">
     <span class='ocr_line' id='line_1_2' title="bbox 182 611 1153 695; baseline 0.005 -24"><span class='ocrx_word' id='word_1_5' title='bbox 182 611 324 672; x_wconf 76' lang='lat' dir='ltr'><strong>Manilius</strong></span> <span class='ocrx_word' id='word_1_6' title='bbox 335 624 452 690; x_wconf 75' lang='lat' dir='ltr'><strong>patrum</strong></span> <span class='ocrx_word' id='word_1_7' title='bbox 462 626 627 672; x_wconf 84' lang='lat' dir='ltr'><strong>nostrorum</strong></span> <span class='ocrx_word' id='word_1_8' title='bbox 639 615 782 674; x_wconf 85' lang='lat' dir='ltr'><strong>memoria</strong></span> <span class='ocrx_word' id='word_1_9' title='bbox 793 617 845 695; x_wconf 88' lang='lat' dir='ltr'><strong>(ne</strong></span> <span class='ocrx_word' id='word_1_10' title='bbox 856 635 974 693; x_wconf 85' lang='lat' dir='ltr'><strong>semper</strong></span> <span class='ocrx_word' id='word_1_11' title='bbox 982 616 1089 675; x_wconf 81' lang='lat' dir='ltr'><strong>Ourios</strong></span> <span class='ocrx_word' id='word_1_12' title='bbox 1101 629 1132 678; x_wconf 83' lang='lat' dir='ltr'><strong>et</strong></span> <span class='ocrx_word' id='word_1_13' title='bbox 1148 623 1153 632; x_wconf 91' lang='lat'>&#39;</span> 
     </span>
     <span class='ocr_line' id='line_1_3' title="bbox 183 706 1131 787; baseline 0.005 -23"><span class='ocrx_word' id='word_1_14' title='bbox 183 706 331 765; x_wconf 81' lang='lat' dir='ltr'><strong>Luscinos</strong></span> <span class='ocrx_word' id='word_1_15' title='bbox 347 706 518 784; x_wconf 87' lang='lat' dir='ltr'><strong>loquamur)</strong></span> <span class='ocrx_word' id='word_1_16' title='bbox 539 728 654 787; x_wconf 79' lang='lat' dir='ltr'><strong>pauper</strong></span> <span class='ocrx_word' id='word_1_17' title='bbox 672 709 792 771; x_wconf 86' lang='lat' dir='ltr'><strong>tandem</strong></span> <span class='ocrx_word' id='word_1_18' title='bbox 811 710 874 768; x_wconf 67' lang='lat' dir='ltr'><strong>sssis.</strong></span> <span class='ocrx_word' id='word_1_19' title='bbox 915 710 1031 768; x_wconf 78' lang='lat' dir='ltr'>Habuit</span> <span class='ocrx_word' id='word_1_20' title='bbox 1051 712 1131 769; x_wconf 87' lang='lat' dir='ltr'><strong>enim</strong></span> 
     </span>
     <span class='ocr_line' id='line_1_4' title="bbox 182 794 1132 884; baseline 0.003 -24"><span class='ocrx_word' id='word_1_21' title='bbox 182 801 324 860; x_wconf 74' lang='lat' dir='ltr'><strong>rediculus</strong></span> <span class='ocrx_word' id='word_1_22' title='bbox 340 800 371 858; x_wconf 88' lang='lat' dir='ltr'><strong>in</strong></span> <span class='ocrx_word' id='word_1_23' title='bbox 385 801 512 872; x_wconf 81' lang='lat' dir='ltr'><strong>Carinis,</strong></span> <span class='ocrx_word' id='word_1_24' title='bbox 527 817 558 862; x_wconf 89' lang='lat' dir='ltr'><strong>et</strong></span> <span class='ocrx_word' id='word_1_25' title='bbox 574 803 699 862; x_wconf 76' lang='lat' dir='ltr'><strong>firndum</strong></span> <span class='ocrx_word' id='word_1_26' title='bbox 715 804 745 862; x_wconf 89' lang='lat' dir='ltr'><strong>in</strong></span> <span class='ocrx_word' id='word_1_27' title='bbox 758 804 918 863; x_wconf 84' lang='lat' dir='ltr'><strong>Labicano.</strong></span> <span class='ocrx_word' id='word_1_28' title='bbox 938 794 941 800; x_wconf 43' lang='lat'><strong><em>⁵</em></strong></span> <span class='ocrx_word' id='word_1_29' title='bbox 959 805 1027 863; x_wconf 88' lang='lat' dir='ltr'><strong>Nos</strong></span> <span class='ocrx_word' id='word_1_30' title='bbox 1040 806 1132 884; x_wconf 81' lang='lat' dir='ltr'><strong>igitur</strong></span> 
     </span>
     <span class='ocr_line' id='line_1_5' title="bbox 181 895 1131 976; baseline 0.005 -23"><span class='ocrx_word' id='word_1_31' title='bbox 181 895 341 967; x_wconf 78' lang='lat' dir='ltr'><strong>divitiores,</strong></span> <span class='ocrx_word' id='word_1_32' title='bbox 360 897 410 973; x_wconf 90' lang='lat' dir='ltr'><strong>qui</strong></span> <span class='ocrx_word' id='word_1_33' title='bbox 431 899 517 974; x_wconf 84' lang='lat' dir='ltr'><strong>plura</strong></span> <span class='ocrx_word' id='word_1_34' title='bbox 536 899 702 957; x_wconf 77' lang='lat' dir='ltr'><strong>habemusi</strong></span> <span class='ocrx_word' id='word_1_35' title='bbox 743 897 865 958; x_wconf 87' lang='lat' dir='ltr'><strong>Utinam</strong></span> <span class='ocrx_word' id='word_1_36' title='bbox 886 898 1026 976; x_wconf 91' lang='lat' dir='ltr'><strong>quidem!</strong></span> <span class='ocrx_word' id='word_1_37' title='bbox 1068 900 1131 958; x_wconf 87' lang='lat' dir='ltr'><strong>Sed</strong></span> 
     </span>
     <span class='ocr_line' id='line_1_6' title="bbox 180 991 1129 1070; baseline 0.004 -21"><span class='ocrx_word' id='word_1_38' title='bbox 180 1011 240 1050; x_wconf 85' lang='lat' dir='ltr'><strong>non</strong></span> <span class='ocrx_word' id='word_1_39' title='bbox 253 991 444 1050; x_wconf 81' lang='lat' dir='ltr'><strong>aestimatione</strong></span> <span class='ocrx_word' id='word_1_40' title='bbox 459 1012 574 1063; x_wconf 86' lang='lat' dir='ltr'><strong>census,</strong></span> <span class='ocrx_word' id='word_1_41' title='bbox 585 1013 689 1052; x_wconf 86' lang='lat' dir='ltr'><strong>verum</strong></span> <span class='ocrx_word' id='word_1_42' title='bbox 700 994 780 1053; x_wconf 82' lang='lat' dir='ltr'><strong>victu</strong></span> <span class='ocrx_word' id='word_1_43' title='bbox 794 1007 882 1070; x_wconf 89' lang='lat' dir='ltr'><strong>atque</strong></span> <span class='ocrx_word' id='word_1_44' title='bbox 898 995 979 1053; x_wconf 84' lang='lat' dir='ltr'>cultu</span> <span class='ocrx_word' id='word_1_45' title='bbox 994 995 1129 1054; x_wconf 85' lang='lat' dir='ltr'><strong>termina·</strong></span> 
     </span>
     <span class='ocr_line' id='line_1_7' title="bbox 181 1085 1130 1170; baseline 0.004 -26"><span class='ocrx_word' id='word_1_46' title='bbox 181 1095 230 1144; x_wconf 78' lang='lat' dir='ltr'><strong>tur</strong></span> <span class='ocrx_word' id='word_1_47' title='bbox 251 1085 386 1164; x_wconf 72' lang='lat' dir='ltr'><strong>pecuniae</strong></span> <span class='ocrx_word' id='word_1_48' title='bbox 410 1086 526 1146; x_wconf 86' lang='lat' dir='ltr'><strong>modus.</strong></span> <span class='ocrx_word' id='word_1_49' title='bbox 575 1092 624 1147; x_wconf 85' lang='lat'><strong>51.</strong></span> <span class='ocrx_word' id='word_1_50' title='bbox 650 1089 721 1147; x_wconf 91' lang='lat' dir='ltr'><strong>Non</strong></span> <span class='ocrx_word' id='word_1_51' title='bbox 743 1108 809 1146; x_wconf 86' lang='lat' dir='ltr'><strong>esse</strong></span> <span class='ocrx_word' id='word_1_52' title='bbox 832 1088 980 1166; x_wconf 81' lang='lat' dir='ltr'><strong>cupidum,</strong></span> <span class='ocrx_word' id='word_1_53' title='bbox 1002 1090 1130 1170; x_wconf 85' lang='lat' dir='ltr'><strong>pecunia</strong></span> 
     </span>
    </p>
   </div>
   <div class='ocr_carea' id='block_1_3' title="bbox 180 1181 1129 1733">
    <p class='ocr_par' dir='ltr' id='par_1_3' title="bbox 180 1181 1129 1733">
     <span class='ocr_line' id='line_1_8' title="bbox 182 1181 1129 1260; baseline 0.004 -22"><span class='ocrx_word' id='word_1_54' title='bbox 182 1191 243 1238; x_wconf 87' lang='lat' dir='ltr'><strong>est:</strong></span> <span class='ocrx_word' id='word_1_55' title='bbox 271 1199 330 1238; x_wconf 88' lang='lat' dir='ltr'><strong>non</strong></span> <span class='ocrx_word' id='word_1_56' title='bbox 352 1199 417 1239; x_wconf 84' lang='lat' dir='ltr'><strong>esse</strong></span> <span class='ocrx_word' id='word_1_57' title='bbox 440 1200 584 1251; x_wconf 82' lang='lat' dir='ltr'><strong>emacem,</strong></span> <span class='ocrx_word' id='word_1_58' title='bbox 603 1181 731 1260; x_wconf 85' lang='lat' dir='ltr'><strong>vectigal</strong></span> <span class='ocrx_word' id='word_1_59' title='bbox 753 1195 805 1240; x_wconf 84' lang='lat' dir='ltr'><strong>est.</strong></span> <span class='ocrx_word' id='word_1_60' title='bbox 853 1182 1037 1242; x_wconf 82' lang='lat' dir='ltr'>Contentum</span> <span class='ocrx_word' id='word_1_61' title='bbox 1058 1204 1129 1242; x_wconf 85' lang='lat' dir='ltr'><strong>vero</strong></span> 
     </span>
     <span class='ocr_line' id='line_1_9' title="bbox 181 1274 1128 1355; baseline 0.001 -21"><span class='ocrx_word' id='word_1_62' title='bbox 181 1274 241 1334; x_wconf 84' lang='lat' dir='ltr'><strong>suis</strong></span> <span class='ocrx_word' id='word_1_63' title='bbox 270 1275 360 1333; x_wconf 87' lang='lat' dir='ltr'><strong>rebus</strong></span> <span class='ocrx_word' id='word_1_64' title='bbox 388 1294 462 1345; x_wconf 85' lang='lat' dir='ltr'><strong>esse,</strong></span> <span class='ocrx_word' id='word_1_65' title='bbox 490 1277 627 1334; x_wconf 82' lang='lat' dir='ltr'><strong>maximae</strong></span> <span class='ocrx_word' id='word_1_66' title='bbox 657 1289 727 1335; x_wconf 85' lang='lat' dir='ltr'><strong>sunt</strong></span> <span class='ocrx_word' id='word_1_67' title='bbox 753 1277 982 1355; x_wconf 67' lang='lat' dir='ltr'><strong>certissimeque</strong></span> <span class='ocrx_word' id='word_1_68' title='bbox 1010 1277 1128 1337; x_wconf 86' lang='lat' dir='ltr'><strong>divitiae.</strong></span> 
     </span>
     <span class='ocr_line' id='line_1_10' title="bbox 181 1368 1128 1448; baseline 0.004 -22"><span class='ocrx_word' id='word_1_69' title='bbox 181 1368 303 1426; x_wconf 81' lang='lat' dir='ltr'><strong>Etenim</strong></span> <span class='ocrx_word' id='word_1_70' title='bbox 324 1369 349 1430; x_wconf 87' lang='lat' dir='ltr'><strong>si</strong></span> <span class='ocrx_word' id='word_1_71' title='bbox 366 1368 413 1426; x_wconf 85' lang='lat' dir='ltr'><strong>isti</strong></span> <span class='ocrx_word' id='word_1_72' title='bbox 434 1369 534 1428; x_wconf 79' lang='lat' dir='ltr'><strong>callidi</strong></span> <span class='ocrx_word' id='word_1_73' title='bbox 553 1391 654 1428; x_wconf 85' lang='lat' dir='ltr'><strong>rerum</strong></span> <span class='ocrx_word' id='word_1_74' title='bbox 676 1371 867 1430; x_wconf 81' lang='lat' dir='ltr'><strong>aestimatores</strong></span> <span class='ocrx_word' id='word_1_75' title='bbox 887 1383 971 1448; x_wconf 88' lang='lat' dir='ltr'><strong>prata</strong></span> <span class='ocrx_word' id='word_1_76' title='bbox 993 1384 1023 1430; x_wconf 86' lang='lat' dir='ltr'><strong>et</strong></span> <span class='ocrx_word' id='word_1_77' title='bbox 1044 1391 1128 1430; x_wconf 83' lang='lat' dir='ltr'><strong>areas</strong></span> 
     </span>
     <span class='ocr_line' id='line_1_11' title="bbox 182 1462 1128 1543; baseline 0.002 -23"><span class='ocrx_word' id='word_1_78' title='bbox 182 1462 325 1540; x_wconf 84' lang='lat' dir='ltr'><strong>quasdem</strong></span> <span class='ocrx_word' id='word_1_79' title='bbox 345 1483 454 1542; x_wconf 85' lang='lat' dir='ltr'><strong>magno</strong></span> <span class='ocrx_word' id='word_1_80' title='bbox 475 1464 628 1535; x_wconf 76' lang='lat' dir='ltr'><strong>aestimant,</strong></span> <span class='ocrx_word' id='word_1_81' title='bbox 643 1464 726 1542; x_wconf 87' lang='lat' dir='ltr'><strong>quod</strong></span> <span class='ocrx_word' id='word_1_82' title='bbox 742 1465 772 1523; x_wconf 89' lang='lat' dir='ltr'><strong>ei</strong></span> <span class='ocrx_word' id='word_1_83' title='bbox 792 1465 893 1542; x_wconf 83' lang='lat' dir='ltr'><strong>generi</strong></span> <span class='ocrx_word' id='word_1_84' title='bbox 909 1465 1128 1543; x_wconf 87' lang='lat' dir='ltr'><strong>possessionum</strong></span> 
     </span>
     <span class='ocr_line' id='line_1_12' title="bbox 181 1558 1127 1637; baseline 0.004 -23"><span class='ocrx_word' id='word_1_85' title='bbox 181 1558 303 1616; x_wconf 88' lang='lat' dir='ltr'><strong>minime</strong></span> <span class='ocrx_word' id='word_1_86' title='bbox 319 1558 403 1636; x_wconf 82' lang='lat' dir='ltr'><strong>qussi</strong></span> <span class='ocrx_word' id='word_1_87' title='bbox 417 1559 515 1617; x_wconf 85' lang='lat' dir='ltr'><strong>noceri</strong></span> <span class='ocrx_word' id='word_1_88' title='bbox 529 1572 646 1637; x_wconf 84' lang='lat' dir='ltr'><strong>potest:</strong></span> <span class='ocrx_word' id='word_1_89' title='bbox 667 1560 768 1637; x_wconf 88' lang='lat' dir='ltr'><strong>quanti</strong></span> <span class='ocrx_word' id='word_1_90' title='bbox 782 1574 828 1618; x_wconf 85' lang='lat' dir='ltr'><strong>est</strong></span> <span class='ocrx_word' id='word_1_91' title='bbox 839 1560 1013 1619; x_wconf 64' lang='lat' dir='ltr'><strong>aestimanda</strong></span> <span class='ocrx_word' id='word_1_92' title='bbox 1026 1561 1127 1630; x_wconf 85' lang='lat' dir='ltr'><strong>virtus,</strong></span> 
     </span>
     <span class='ocr_line' id='line_1_13' title="bbox 180 1653 1127 1733; baseline 0.003 -24"><span class='ocrx_word' id='word_1_93' title='bbox 180 1672 248 1729; x_wconf 84' lang='lat' dir='ltr'><strong>quae</strong></span> <span class='ocrx_word' id='word_1_94' title='bbox 268 1671 324 1710; x_wconf 88' lang='lat' dir='ltr'><strong>nec</strong></span> <span class='ocrx_word' id='word_1_95' title='bbox 346 1653 431 1732; x_wconf 86' lang='lat' dir='ltr'><strong>eripi,</strong></span> <span class='ocrx_word' id='word_1_96' title='bbox 446 1673 502 1712; x_wconf 87' lang='lat' dir='ltr'><strong>nee</strong></span> <span class='ocrx_word' id='word_1_97' title='bbox 523 1654 631 1732; x_wconf 81' lang='lat' dir='ltr'><strong>surripi</strong></span> <span class='ocrx_word' id='word_1_98' title='bbox 647 1667 745 1732; x_wconf 86' lang='lat' dir='ltr'><strong>potest</strong></span> <span class='ocrx_word' id='word_1_99' title='bbox 765 1675 913 1733; x_wconf 84' lang='lat' dir='ltr'><strong>unquam:</strong></span> <span class='ocrx_word' id='word_1_100' title='bbox 938 1675 1036 1732; x_wconf 87' lang='lat' dir='ltr'><strong>neque</strong></span> <span class='ocrx_word' id='word_1_101' title='bbox 1057 1674 1127 1712; x_wconf 84' lang='lat' dir='ltr'><strong>usu-</strong></span> 
     </span>
    </p>
   </div>
   <div class='ocr_carea' id='block_1_4' title="bbox 181 1746 1303 1830">
    <p class='ocr_par' dir='ltr' id='par_1_4' title="bbox 181 1746 1303 1830">
     <span class='ocr_line' id='line_1_14' title="bbox 181 1746 1303 1830; baseline -0.003 -26"><span class='ocrx_word' id='word_1_102' title='bbox 181 1746 274 1824; x_wconf 84' lang='lat' dir='ltr'><strong>fragio</strong></span> <span class='ocrx_word' id='word_1_103' title='bbox 296 1767 354 1805; x_wconf 85' lang='lat' dir='ltr'><strong>neo</strong></span> <span class='ocrx_word' id='word_1_104' title='bbox 373 1748 513 1808; x_wconf 87' lang='lat' dir='ltr'><strong>incendio</strong></span> <span class='ocrx_word' id='word_1_105' title='bbox 536 1749 695 1808; x_wconf 84' lang='lat' dir='ltr'><strong>amittitur:</strong></span> <span class='ocrx_word' id='word_1_106' title='bbox 722 1769 779 1808; x_wconf 80' lang='lat' dir='ltr'><strong>neo</strong></span> <span class='ocrx_word' id='word_1_107' title='bbox 795 1750 825 1830; x_wconf 86' lang='lat' dir='ltr'><strong>vi</strong></span> <span class='ocrx_word' id='word_1_108' title='bbox 832 1762 1047 1830; x_wconf 43' lang='lat' dir='ltr'><strong>§eppesteim</strong></span> <span class='ocrx_word' id='word_1_109' title='bbox 1069 1753 1190 1808; x_wconf 52' lang='lat' dir='ltr'><strong>neesx*</strong></span> <span class='ocrx_word' id='word_1_110' title='bbox 1214 1770 1218 1801; x_wconf 81' lang='grc'><strong><em>;</em></strong></span> <span class='ocrx_word' id='word_1_111' title='bbox 1260 1779 1266 1795; x_wconf 64' lang='lat'><em>1</em></span> <span class='ocrx_word' id='word_1_112' title='bbox 1298 1781 1303 1799; x_wconf 77' lang='grc'><strong><em>,</em></strong></span> 
     </span>
    </p>
   </div>
   <div class='ocr_carea' id='block_1_5' title="bbox 127 1843 1195 2778">
    <p class='ocr_par' dir='ltr' id='par_1_5' title="bbox 180 1843 1126 2016">
     <span class='ocr_line' id='line_1_15' title="bbox 180 1843 1125 1932; baseline 0.002 -33"><span class='ocrx_word' id='word_1_113' title='bbox 180 1843 581 1932; x_wconf 26' lang='lat' dir='ltr'><strong>temporum‘perpurbatiose</strong></span> <span class='ocrx_word' id='word_1_114' title='bbox 591 1845 733 1902; x_wconf 82' lang='lat' dir='ltr'><strong>mutatur!</strong></span> <span class='ocrx_word' id='word_1_115' title='bbox 776 1844 848 1916; x_wconf 85' lang='lat' dir='ltr'><strong>Qua</strong></span> <span class='ocrx_word' id='word_1_116' title='bbox 859 1844 976 1924; x_wconf 83' lang='lat' dir='ltr'><strong>praediti</strong></span> <span class='ocrx_word' id='word_1_117' title='bbox 987 1844 1125 1921; x_wconf 86' lang='lat' dir='ltr'><strong>quisunt,</strong></span> 
     </span>
     <span class='ocr_line' id='line_1_16' title="bbox 180 1937 1126 2016; baseline 0.005 -22"><span class='ocrx_word' id='word_1_118' title='bbox 180 1937 234 1994; x_wconf 84' lang='lat' dir='ltr'><strong>soli</strong></span> <span class='ocrx_word' id='word_1_119' title='bbox 246 1950 313 1994; x_wconf 89' lang='lat' dir='ltr'><strong>sunt</strong></span> <span class='ocrx_word' id='word_1_120' title='bbox 324 1937 438 1998; x_wconf 87' lang='lat' dir='ltr'><strong>divites.</strong></span> <span class='ocrx_word' id='word_1_121' title='bbox 472 1942 519 1996; x_wconf 81' lang='lat'><strong>52.</strong></span> <span class='ocrx_word' id='word_1_122' title='bbox 535 1938 598 1996; x_wconf 89' lang='lat' dir='ltr'><strong>Soli</strong></span> <span class='ocrx_word' id='word_1_123' title='bbox 608 1939 686 1998; x_wconf 86' lang='lat' dir='ltr'><strong>enim</strong></span> <span class='ocrx_word' id='word_1_124' title='bbox 697 1938 851 2016; x_wconf 86' lang='lat' dir='ltr'><strong>possident</strong></span> <span class='ocrx_word' id='word_1_125' title='bbox 864 1959 911 1997; x_wconf 88' lang='lat' dir='ltr'><strong>res</strong></span> <span class='ocrx_word' id='word_1_126' title='bbox 922 1951 952 1997; x_wconf 88' lang='lat' dir='ltr'><strong>et</strong></span> <span class='ocrx_word' id='word_1_127' title='bbox 962 1939 1126 1998; x_wconf 81' lang='lat' dir='ltr'><strong>fructuosas</strong></span> 
     </span>
    </p>

    <p class='ocr_par' dir='ltr' id='par_1_6' title="bbox 127 2015 1195 2778">
     <span class='ocr_line' id='line_1_17' title="bbox 180 2015 1195 2112; baseline 0.005 -24"><span class='ocrx_word' id='word_1_128' title='bbox 180 2043 209 2088; x_wconf 92' lang='lat' dir='ltr'><strong>et</strong></span> <span class='ocrx_word' id='word_1_129' title='bbox 227 2031 439 2110; x_wconf 56' lang='lat' dir='ltr'><strong>sempiternam</strong></span> <span class='ocrx_word' id='word_1_130' title='bbox 465 2033 579 2108; x_wconf 87' lang='lat' dir='ltr'><strong>solique</strong></span> <span class='ocrx_word' id='word_1_131' title='bbox 598 2032 690 2109; x_wconf 84' lang='lat' dir='ltr'><strong>(quod</strong></span> <span class='ocrx_word' id='word_1_132' title='bbox 709 2045 754 2090; x_wconf 91' lang='lat' dir='ltr'><strong>est</strong></span> <span class='ocrx_word' id='word_1_133' title='bbox 769 2033 922 2112; x_wconf 87' lang='lat' dir='ltr'><strong>proprium</strong></span> <span class='ocrx_word' id='word_1_134' title='bbox 940 2033 1124 2108; x_wconf 83' lang='lat' dir='ltr'><strong>divitiarum)</strong></span> <span class='ocrx_word' id='word_1_135' title='bbox 1179 2015 1195 2030; x_wconf 27' lang='grc' dir='ltr'>ἱ</span> 
     </span>
     <span class='ocr_line' id='line_1_18' title="bbox 127 2125 1126 2204; baseline -0.004 -16"><span class='ocrx_word' id='word_1_136' title='bbox 127 2185 132 2188; x_wconf 82' lang='grc'>.</span> <span class='ocrx_word' id='word_1_137' title='bbox 180 2126 308 2184; x_wconf 84' lang='lat' dir='ltr'><strong>contenti</strong></span> <span class='ocrx_word' id='word_1_138' title='bbox 322 2139 391 2183; x_wconf 87' lang='lat' dir='ltr'><strong>sunt</strong></span> <span class='ocrx_word' id='word_1_139' title='bbox 403 2127 493 2184; x_wconf 87' lang='lat' dir='ltr'><strong>rebus</strong></span> <span class='ocrx_word' id='word_1_140' title='bbox 507 2125 577 2195; x_wconf 87' lang='lat' dir='ltr'><strong>suis,</strong></span> <span class='ocrx_word' id='word_1_141' title='bbox 592 2127 661 2184; x_wconf 88' lang='lat' dir='ltr'><strong>satis</strong></span> <span class='ocrx_word' id='word_1_142' title='bbox 675 2145 741 2184; x_wconf 90' lang='lat' dir='ltr'><strong>esse</strong></span> <span class='ocrx_word' id='word_1_143' title='bbox 755 2139 869 2204; x_wconf 85' lang='lat' dir='ltr'><strong>putant,</strong></span> <span class='ocrx_word' id='word_1_144' title='bbox 885 2126 963 2203; x_wconf 89' lang='lat' dir='ltr'><strong>quod</strong></span> <span class='ocrx_word' id='word_1_145' title='bbox 979 2137 1023 2186; x_wconf 88' lang='lat' dir='ltr'><strong>est</strong></span> <span class='ocrx_word' id='word_1_146' title='bbox 1028 2151 1035 2198; x_wconf 90' lang='lat'>;</span> <span class='ocrx_word' id='word_1_147' title='bbox 1054 2128 1126 2184; x_wconf 86' lang='lat' dir='ltr'><strong>nihii</strong></span> 
     </span>
     <span class='ocr_line' id='line_1_19' title="bbox 179 2219 1127 2300; baseline -0.001 -21"><span class='ocrx_word' id='word_1_148' title='bbox 179 2232 333 2300; x_wconf 84' lang='lat' dir='ltr'><strong>appetunt,</strong></span> <span class='ocrx_word' id='word_1_149' title='bbox 348 2221 429 2278; x_wconf 83' lang='lat' dir='ltr'><strong>nulla</strong></span> <span class='ocrx_word' id='word_1_150' title='bbox 445 2240 479 2277; x_wconf 88' lang='lat' dir='ltr'><strong>re</strong></span> <span class='ocrx_word' id='word_1_151' title='bbox 497 2230 594 2297; x_wconf 87' lang='lat' dir='ltr'><strong>egent,</strong></span> <span class='ocrx_word' id='word_1_152' title='bbox 610 2219 684 2276; x_wconf 85' lang='lat' dir='ltr'><strong>nihil</strong></span> <span class='ocrx_word' id='word_1_153' title='bbox 700 2220 756 2277; x_wconf 91' lang='lat' dir='ltr'><strong>sibi</strong></span> <span class='ocrx_word' id='word_1_154' title='bbox 773 2219 879 2278; x_wconf 78' lang='lat' dir='ltr'><strong>deesse</strong></span> <span class='ocrx_word' id='word_1_155' title='bbox 899 2220 1036 2289; x_wconf 84' lang='lat' dir='ltr'><strong>sentiunt,</strong></span> <span class='ocrx_word' id='word_1_156' title='bbox 1052 2221 1127 2278; x_wconf 87' lang='lat' dir='ltr'><strong>nihil</strong></span> 
     </span>
     <span class='ocr_line' id='line_1_20' title="bbox 177 2313 1126 2392; baseline 0.001 -20"><span class='ocrx_word' id='word_1_157' title='bbox 177 2313 347 2392; x_wconf 75' lang='lat' dir='ltr'><strong>requirun&#39;t:</strong></span> <span class='ocrx_word' id='word_1_158' title='bbox 365 2313 491 2392; x_wconf 88' lang='lat' dir='ltr'><strong>improbi</strong></span> <span class='ocrx_word' id='word_1_159' title='bbox 502 2327 601 2373; x_wconf 83' lang='lat' dir='ltr'><strong>autem</strong></span> <span class='ocrx_word' id='word_1_160' title='bbox 612 2326 644 2372; x_wconf 89' lang='lat' dir='ltr'><strong>et·</strong></span> <span class='ocrx_word' id='word_1_161' title='bbox 653 2314 742 2383; x_wconf 88' lang='lat' dir='ltr'><strong>avari,</strong></span> <span class='ocrx_word' id='word_1_162' title='bbox 751 2313 889 2390; x_wconf 89' lang='lat' dir='ltr'><strong>quoniam</strong></span> <span class='ocrx_word' id='word_1_163' title='bbox 899 2314 1126 2390; x_wconf 55' lang='lat' dir='ltr'><strong>ineertes‘atque</strong></span> 
     </span>
     <span class='ocr_line' id='line_1_21' title="bbox 177 2409 1126 2488; baseline -0.002 -20"><span class='ocrx_word' id='word_1_164' title='bbox 177 2412 208 2468; x_wconf 90' lang='lat' dir='ltr'><strong>in</strong></span> <span class='ocrx_word' id='word_1_165' title='bbox 224 2430 294 2468; x_wconf 82' lang='lat' dir='ltr'><strong>casu</strong></span> <span class='ocrx_word' id='word_1_166' title='bbox 308 2410 419 2488; x_wconf 88' lang='lat' dir='ltr'><strong>positas</strong></span> <span class='ocrx_word' id='word_1_167' title='bbox 432 2410 634 2488; x_wconf 84' lang='lat' dir='ltr'><strong>possessiones</strong></span> <span class='ocrx_word' id='word_1_168' title='bbox 648 2409 765 2478; x_wconf 88' lang='lat' dir='ltr'><strong>habent,</strong></span> <span class='ocrx_word' id='word_1_169' title='bbox 780 2421 810 2468; x_wconf 91' lang='lat' dir='ltr'><strong>et</strong></span> <span class='ocrx_word' id='word_1_170' title='bbox 823 2411 890 2488; x_wconf 91' lang='lat' dir='ltr'><strong>plus</strong></span> <span class='ocrx_word' id='word_1_171' title='bbox 905 2427 1023 2488; x_wconf 84' lang='lat' dir='ltr'><strong>semper</strong></span> <span class='ocrx_word' id='word_1_172' title='bbox 1036 2428 1126 2486; x_wconf 89' lang='lat' dir='ltr'><strong>appe-</strong></span> 
     </span>
     <span class='ocr_line' id='line_1_22' title="bbox 179 2497 1127 2582; baseline -0.002 -18"><span class='ocrx_word' id='word_1_173' title='bbox 179 2517 252 2575; x_wconf 88' lang='lat' dir='ltr'><strong>tunt,</strong></span> <span class='ocrx_word' id='word_1_174' title='bbox 267 2525 324 2563; x_wconf 85' lang='lat' dir='ltr'><strong>nec</strong></span> <span class='ocrx_word' id='word_1_175' title='bbox 341 2525 444 2564; x_wconf 86' lang='lat' dir='ltr'><strong>eorum</strong></span> <span class='ocrx_word' id='word_1_176' title='bbox 462 2497 619 2582; x_wconf 80' lang='lat' dir='ltr'><strong>quisquam</strong></span> <span class='ocrx_word' id='word_1_177' title='bbox 639 2505 735 2564; x_wconf 79' lang='lat' dir='ltr'><strong>adhuc</strong></span> <span class='ocrx_word' id='word_1_178' title='bbox 751 2504 889 2564; x_wconf 87' lang='lat' dir='ltr'><strong>inventus</strong></span> <span class='ocrx_word' id='word_1_179' title='bbox 906 2517 958 2573; x_wconf 83' lang='lat' dir='ltr'><strong>est,</strong></span> <span class='ocrx_word' id='word_1_180' title='bbox 974 2503 1031 2573; x_wconf 84' lang='lat' dir='ltr'><strong>oui,</strong></span> <span class='ocrx_word' id='word_1_181' title='bbox 1046 2503 1127 2580; x_wconf 86' lang='lat' dir='ltr'><strong>quod</strong></span> 
     </span>
     <span class='ocr_line' id='line_1_23' title="bbox 178 2599 1127 2680; baseline -0.001 -22"><span class='ocrx_word' id='word_1_182' title='bbox 178 2601 312 2672; x_wconf 87' lang='lat' dir='ltr'><strong>haberet,</strong></span> <span class='ocrx_word' id='word_1_183' title='bbox 323 2612 402 2661; x_wconf 85' lang='lat' dir='ltr'><strong>esset</strong></span> <span class='ocrx_word' id='word_1_184' title='bbox 418 2602 504 2673; x_wconf 82' lang='lat' dir='ltr'><strong>satis3</strong></span> <span class='ocrx_word' id='word_1_185' title='bbox 525 2621 583 2658; x_wconf 91' lang='lat' dir='ltr'><strong>non</strong></span> <span class='ocrx_word' id='word_1_186' title='bbox 597 2602 685 2660; x_wconf 87' lang='lat' dir='ltr'><strong>modo</strong></span> <span class='ocrx_word' id='word_1_187' title='bbox 698 2622 757 2660; x_wconf 88' lang='lat' dir='ltr'><strong>non</strong></span> <span class='ocrx_word' id='word_1_188' title='bbox 772 2601 883 2680; x_wconf 80' lang='lat' dir='ltr'><strong>copiosi</strong></span> <span class='ocrx_word' id='word_1_189' title='bbox 898 2622 932 2661; x_wconf 86' lang='lat' dir='ltr'><strong>so</strong></span> <span class='ocrx_word' id='word_1_190' title='bbox 945 2601 1061 2673; x_wconf 84' lang='lat' dir='ltr'><strong>divites,</strong></span> <span class='ocrx_word' id='word_1_191' title='bbox 1073 2599 1127 2659; x_wconf 86' lang='lat' dir='ltr'><strong>sed</strong></span> 
     </span>
     <span class='ocr_line' id='line_1_24' title="bbox 179 2697 889 2778; baseline 0.004 -23"><span class='ocrx_word' id='word_1_192' title='bbox 179 2697 268 2756; x_wconf 90' lang='lat' dir='ltr'><strong>etiam</strong></span> <span class='ocrx_word' id='word_1_193' title='bbox 282 2697 385 2778; x_wconf 87' lang='lat' dir='ltr'><strong>inopes</strong></span> <span class='ocrx_word' id='word_1_194' title='bbox 402 2719 436 2758; x_wconf 86' lang='lat' dir='ltr'><strong>ao</strong></span> <span class='ocrx_word' id='word_1_195' title='bbox 449 2718 597 2778; x_wconf 80' lang='lat' dir='ltr'><strong>pauperes</strong></span> <span class='ocrx_word' id='word_1_196' title='bbox 611 2697 800 2756; x_wconf 86' lang='lat' dir='ltr'><strong>existimandi</strong></span> <span class='ocrx_word' id='word_1_197' title='bbox 812 2710 889 2758; x_wconf 85' lang='lat' dir='ltr'><strong>sunt.</strong></span> 
     </span>
    </p>
   </div>
   <div class='ocr_carea' id='block_1_6' title="bbox 0 0 1354 4508">
    <p class='ocr_par' dir='ltr' id='par_1_7' title="bbox 0 0 1354 4508">
     <span class='ocr_line' id='line_1_25' title="bbox 0 0 1354 4508; baseline 0 2"><span class='ocrx_word' id='word_1_198' title='bbox 0 0 1354 4508; x_wconf 95' lang='lat' dir='ltr'><strong> </strong></span> 
     </span>
    </p>
   </div>
  </div>
 </body>
</html>
