2664 4508
218 396 260 454 to
448 407 482 450 ιι.
498 407 527 450 r.
544 405 706 486 orcapoms
724 403 806 450 caro
823 402 938 456 aaron,

217 539 405 620 ruetfutmo
414 528 601 615 prospiciunt.
641 537 694 596 En
704 554 758 612 quo
767 535 949 611 intelligitur,
960 534 1169 615 psalerfirtm'

217 639 283 703 et'rtt,
294 656 357 696 cam
370 655 398 692 ee
406 635 496 710 plane
510 633 634 708 corporis
644 631 765 690 vinealis
777 631 980 689 relaxaverint.
1024 631 1130 707 Quare,
1140 635 1169 692 ei

217 731 278 790 kae
287 733 330 788 ito
344 740 417 798 runt,
426 730 466 787 eie
480 748 523 786 me
535 728 647 786 eelitote
659 736 691 784 ιιι
701 726 800 784 deum:
819 726 864 782 ria
877 743 937 782 una
950 736 991 783 est
1001 725 1168 786 interitum

217 827 333 884 animus
353 843 417 884 eam
438 843 560 898 corpore,
583 841 632 880 uos
655 830 759 890 tamen,
781 819 848 878 deos
868 830 999 890 omenta,
1021 822 1072 897 qui
1092 822 1168 882 datto

218 939 327 978 martem
337 917 583 994 pulchritudinem
598 924 712 974 tuentia
727 925 754 973 et
769 923 880 990 regunt,
893 915 1062 974 memoriam
1077 917 1168 978 sorte·

217 1015 271 1090 pie
283 1014 474 1089 inviolateque
486 1011 665 1070 sauchitis?

259 1203 381 1262 XXIII.
394 1206 446 1260 182.
460 1199 557 1278 Cyrus
566 1198 758 1277 quidemhaec
768 1197 906 1256 moriens.
942 1198 1016 1267 Nos,
1025 1199 1050 1256 si
1059 1199 1168 1277 placet,

219 1310 318 1356 nostra
332 1296 491 1356 videamus.
532 1295 633 1354 Nemo
646 1311 776 1370 unquam
790 1292 871 1362 mihi,
883 1292 993 1371 Scipio,
1009 1294 1170 1371 persuade-

219 1392 271 1461 bit,
287 1404 337 1450 eut
354 1405 468 1470 petrem
484 1401 568 1448 tuum
582 1388 722 1456 Paulum,
737 1398 787 1446 aut
803 1387 876 1446 duos
897 1407 977 1458 avos,
991 1387 1119 1448 Paulum
1137 1403 1170 1449 et

220 1485 404 1556 Africanum,
420 1497 469 1542 aut
483 1482 616 1541 Africani
630 1495 745 1559 patrem
764 1494 814 1540 aut
830 1495 979 1559 patruum,
995 1496 1045 1540 aut
1060 1485 1170 1544 multos

221 1591 395 1656 praestantes
412 1579 499 1644 viros,
518 1596 591 1654 quos
608 1595 782 1634 enumerare
799 1597 858 1634 non
875 1589 921 1636 cst
936 1597 1071 1648 necesse,
1088 1591 1171 1638 tauta

221 1693 288 1730 esse
307 1686 516 1749 coactosque
537 1671 576 1728 ad
592 1671 769 1748 posteritatis
790 1672 963 1730 memoriam
981 1673 1170 1750 portiterem,

221 1767 276 1824 nisi
294 1767 392 1824 animo
413 1778 573 1834 temerant,
588 1765 788 1844 posteritatem
809 1765 846 1824 ad
866 1785 899 1824 se
919 1766 1080 1844 pertinere.
1119 1769 1171 1826 An

223 1881 327 1920 censes
348 1863 394 1936 (ut
410 1859 449 1918 de
469 1861 600 1938 meipso
620 1859 731 1936 aliquid
750 1879 832 1918 more
854 1880 958 1917 senum
979 1861 1100 1938 glorier)
1123 1882 1171 1920 me

224 1969 318 2016 tantos
332 1957 445 2013 labores
462 1954 583 2014 diurnos
598 1966 814 2031 nocturnosque
829 1953 910 2013 domi
924 1954 1093 2032 militiaeque
1110 1975 1172 2014 sus-

222 2063 379 2129 cepturum
392 2050 491 2120 fuisse,
505 2050 529 2108 si
543 2049 650 2109 iisdem
665 2049 770 2107 linibus
791 2049 918 2128 gloriam
939 2068 1047 2119 meam,
1062 2049 1173 2127 quibus

221 2146 321 2214 vitam,
339 2165 435 2204 essem
451 2144 688 2208 tennitaturusl
709 2164 807 2201 nonne
824 2144 931 2226 melius
948 2145 1041 2203 multo
1058 2145 1173 2216 fuisset,

221 2240 346 2302 otiosam
360 2253 485 2310 aetatem,
494 2253 524 2300 et
533 2241 676 2319 quietam,
685 2238 749 2298 sinc
760 2240 822 2297 ullo
832 2239 932 2297 labore
944 2251 975 2297 et
984 2240 1173 2300 contentione

221 2336 378 2398 traducere
390 2338 401 2398 l
442 2337 503 2396 Sed
516 2336 619 2395 nescio
634 2333 783 2413 quomodo
798 2333 912 2392 animus
926 2333 1044 2411 erigens
1058 2354 1090 2392 se
1105 2354 1173 2413 pos·

220 2432 368 2492 teritatem
377 2432 419 2490 ita
429 2451 549 2508 semper
558 2429 769 2508 prospiciebat,
779 2427 874 2505 quasi,
886 2447 953 2486 cum
968 2429 1144 2488 excessisset
1154 2451 1173 2489 e

220 2525 290 2594 vita,
305 2539 367 2584 tum
381 2524 511 2600 denique
524 2524 652 2581 victurus
666 2535 753 2582 esset.
793 2521 885 2594 Quod
899 2521 1020 2598 quidem
1037 2524 1067 2581 ni
1081 2524 1123 2582 ita
1138 2545 1174 2583 se

221 2619 354 2688 haberet,
363 2630 396 2674 ut
409 2617 498 2676 animi
508 2617 690 2676 immortales
704 2628 813 2699 essent,
822 2616 901 2674 haud
915 2617 1018 2694 optimi
1028 2619 1174 2696 cujusque

223 2712 338 2770 enimus
351 2712 481 2769 maxime
496 2712 533 2770 ad
546 2712 798 2770 immortalitatem
811 2712 914 2790 gloriae
928 2712 1082 2771 niteretur.
1123 2718 1173 2774 83.

223 2806 326 2876 Quidl
343 2792 421 2882 quod
430 2791 662 2884 sapientissimus
673 2806 799 2884 quisque
816 2807 985 2884 aequissimo
999 2807 1096 2866 animo
1110 2827 1172 2866 mo·

221 2900 303 2970 ritur,
315 2900 502 2958 stultissimus
513 2901 704 2978 iniquissimo,
716 2921 815 2960 nonne
828 2902 913 2960 vobis
924 2902 1042 2960 videtur
1056 2902 1173 2962 animus

221 2995 254 3065 is,
269 2996 318 3071 qui
332 2997 398 3076 plus
414 3010 516 3055 cernat
532 3009 563 3054 st
579 2996 702 3074 longius,
716 2995 818 3054 videre
842 3016 874 3054 se
892 2995 931 3054 ad
945 2996 1070 3054 meliora
1083 2997 1172 3074 proli·

221 3091 310 3150 cisci:
341 3090 390 3148 ille
415 3103 524 3161 autem,
542 3091 627 3168 cujus
650 3091 783 3148 obtusior
805 3090 843 3148 sit
864 3092 951 3161 ecies,
968 3111 1028 3148 non
1048 3090 1172 3149 viderel

220 3185 372 3263 Equidem
383 3185 489 3246 efferor
502 3186 599 3244 studio
608 3198 707 3264 patres
716 3198 839 3255 vestros,
850 3207 924 3263 quos
937 3186 1015 3244 colui
1027 3199 1058 3244 et
1069 3185 1172 3257 dilexi,

219 3281 359 3342 videndi:
380 3301 478 3359 neque
492 3302 561 3340 vero
574 3302 625 3340 eos
640 3283 735 3340 solum
749 3282 907 3340 convenire
922 3302 1004 3351 aveo,
1015 3301 1090 3358 qnos
1104 3281 1172 3360 ipse

220 3377 354 3456 cognovi,
369 3376 422 3436 sed
437 3376 502 3434 illos
519 3377 617 3447 etitem,
632 3377 669 3434 de
685 3375 791 3453 quibus
809 3375 917 3446 audivi,
932 3388 963 3435 et
978 3376 1048 3454 legi,
1063 3375 1172 3453 etipse

220 3473 392 3551 conscripsi.
437 3472 509 3544 Quo
530 3471 653 3551 quidem
672 3490 721 3528 me
740 3469 979 3548 proficiscentem
998 3469 1080 3529 haud
1099 3489 1173 3530 sane

221 3567 285 3644 quis
302 3567 387 3626 facile
408 3568 571 3636 retraxerit,
588 3586 686 3643 neque
707 3578 858 3642 tamquam
875 3565 994 3625 Peliam
1015 3565 1173 3624 recoxerit.

222 3661 312 3731 Quod
326 3663 351 3719 si
365 3661 432 3739 quis
446 3662 521 3720 deus
535 3661 608 3722 mihi
622 3661 774 3739 largiatur,
790 3673 823 3720 ut
836 3680 876 3720 ex
890 3662 946 3718 hac
960 3672 1047 3720 aetate
1065 3678 1174 3737 repue-

221 3773 346 3825 rascam,
366 3767 397 3814 et
417 3755 449 3812 in
470 3754 554 3814 cunis
575 3755 701 3832 regiam,
717 3755 804 3814 valde
826 3775 972 3815 recusem.
1012 3754 1080 3814 Nec
1100 3772 1174 3812 vcro
