<?xml version="1.0" encoding="UTF-8"?>
<!DOCTYPE html PUBLIC "-//W3C//DTD XHTML 1.0 Transitional//EN"
    "http://www.w3.org/TR/xhtml1/DTD/xhtml1-transitional.dtd">
<html xmlns="http://www.w3.org/1999/xhtml" xml:lang="en" lang="en">
 <head>
  <title>
</title>
<meta http-equiv="Content-Type" content="text/html;charset=utf-8" />
  <meta name='ocr-system' content='tesseract 3.04.00' />
  <meta name='ocr-capabilities' content='ocr_page ocr_carea ocr_par ocr_line ocrx_word'/>
</head>
<body>
  <div class='ocr_page' id='page_1' title='image "./desenectutedeam00anthgoog_0041.png"; bbox 0 0 2664 4508; ppageno 0'>
   <div class='ocr_carea' id='block_1_1' title="bbox 141 382 912 464">
    <p class='ocr_par' dir='ltr' id='par_1_1' title="bbox 141 382 912 464">
     <span class='ocr_line' id='line_1_1' title="bbox 141 382 912 464; baseline -0.009 -25"><span class='ocrx_word' id='word_1_1' title='bbox 141 457 145 464; x_wconf 20' lang='lat'>⁸</span> <span class='ocrx_word' id='word_1_2' title='bbox 197 382 237 439; x_wconf 82' lang='lat' dir='ltr'><strong>le</strong></span> <span class='ocrx_word' id='word_1_3' title='bbox 424 393 681 439; x_wconf 72' lang='lat' dir='ltr'><strong>maurannetus</strong></span> <span class='ocrx_word' id='word_1_4' title='bbox 700 391 781 436; x_wconf 82' lang='lat' dir='ltr'><strong>caro</strong></span> <span class='ocrx_word' id='word_1_5' title='bbox 799 389 912 440; x_wconf 77' lang='lat' dir='ltr'><strong>ustos,</strong></span> 
     </span>
    </p>
   </div>
   <div class='ocr_carea' id='block_1_2' title="bbox 160 517 1207 3816">
    <p class='ocr_par' dir='ltr' id='par_1_2' title="bbox 160 517 1207 3816">
     <span class='ocr_line' id='line_1_2' title="bbox 193 517 1143 601; baseline -0.007 -14"><span class='ocrx_word' id='word_1_6' title='bbox 193 527 287 597; x_wconf 87' lang='lat' dir='ltr'><strong>soleo,</strong></span> <span class='ocrx_word' id='word_1_7' title='bbox 303 524 530 601; x_wconf 76' lang='lat' dir='ltr'><strong>conviviumque</strong></span> <span class='ocrx_word' id='word_1_8' title='bbox 550 522 713 582; x_wconf 86' lang='lat' dir='ltr'><strong>vicinorum</strong></span> <span class='ocrx_word' id='word_1_9' title='bbox 735 517 865 598; x_wconf 90' lang='lat' dir='ltr'><strong>quotidie</strong></span> <span class='ocrx_word' id='word_1_10' title='bbox 885 517 1040 600; x_wconf 83' lang='lat' dir='ltr'><strong>compleo;</strong></span> <span class='ocrx_word' id='word_1_11' title='bbox 1061 520 1143 598; x_wconf 85' lang='lat' dir='ltr'><strong>quod</strong></span> 
     </span>
     <span class='ocr_line' id='line_1_3' title="bbox 194 612 1143 694; baseline -0.009 -13"><span class='ocrx_word' id='word_1_12' title='bbox 194 619 233 681; x_wconf 86' lang='lat' dir='ltr'><strong>ed</strong></span> <span class='ocrx_word' id='word_1_13' title='bbox 250 619 373 680; x_wconf 83' lang='lat' dir='ltr'><strong>multam</strong></span> <span class='ocrx_word' id='word_1_14' title='bbox 392 613 519 687; x_wconf 81' lang='lat' dir='ltr'><strong>n‘octem,</strong></span> <span class='ocrx_word' id='word_1_15' title='bbox 538 632 626 694; x_wconf 86' lang='lat' dir='ltr'><strong>quam</strong></span> <span class='ocrx_word' id='word_1_16' title='bbox 645 613 776 674; x_wconf 84' lang='lat' dir='ltr'><strong>maxime</strong></span> <span class='ocrx_word' id='word_1_17' title='bbox 796 631 963 692; x_wconf 77' lang='lat' dir='ltr'><strong>possumus,</strong></span> <span class='ocrx_word' id='word_1_18' title='bbox 978 612 1063 672; x_wconf 83' lang='lat' dir='ltr'><strong>vario</strong></span> <span class='ocrx_word' id='word_1_19' title='bbox 1082 633 1143 674; x_wconf 87' lang='lat' dir='ltr'><strong>ser·</strong></span> 
     </span>
     <span class='ocr_line' id='line_1_4' title="bbox 193 707 1207 796; baseline -0.004 -25"><span class='ocrx_word' id='word_1_20' title='bbox 193 733 282 772; x_wconf 87' lang='lat' dir='ltr'><strong>mone</strong></span> <span class='ocrx_word' id='word_1_21' title='bbox 292 711 578 796; x_wconf 78' lang='lat' dir='ltr'><strong>producimus.-47.</strong></span> <span class='ocrx_word' id='word_1_22' title='bbox 594 711 637 768; x_wconf 89' lang='lat' dir='ltr'><strong>At</strong></span> <span class='ocrx_word' id='word_1_23' title='bbox 646 707 954 786; x_wconf 82' lang='lat' dir='ltr'><strong>nonestvoluptatum</strong></span> <span class='ocrx_word' id='word_1_24' title='bbox 964 717 1047 767; x_wconf 81' lang='lat' dir='ltr'><strong>tanta</strong></span> <span class='ocrx_word' id='word_1_25' title='bbox 1056 709 1143 787; x_wconf 88' lang='lat' dir='ltr'><strong>quasi</strong></span> <span class='ocrx_word' id='word_1_26' title='bbox 1199 719 1207 746; x_wconf 68' lang='lat'>⁸</span> 
     </span>
     <span class='ocr_line' id='line_1_5' title="bbox 194 801 1142 880; baseline -0.005 -12"><span class='ocrx_word' id='word_1_27' title='bbox 194 807 324 868; x_wconf 78' lang='lat' dir='ltr'><strong>titillatio</strong></span> <span class='ocrx_word' id='word_1_28' title='bbox 336 807 371 864; x_wconf 87' lang='lat' dir='ltr'><strong>in</strong></span> <span class='ocrx_word' id='word_1_29' title='bbox 387 804 674 865; x_wconf 76' lang='lat' dir='ltr'><strong>senibus-Credo:</strong></span> <span class='ocrx_word' id='word_1_30' title='bbox 695 803 749 863; x_wconf 89' lang='lat' dir='ltr'><strong>sed</strong></span> <span class='ocrx_word' id='word_1_31' title='bbox 763 821 802 862; x_wconf 88' lang='lat' dir='ltr'><strong>ne</strong></span> <span class='ocrx_word' id='word_1_32' title='bbox 817 801 997 861; x_wconf 72' lang='lat' dir='ltr'><strong>desideratio</strong></span> <span class='ocrx_word' id='word_1_33' title='bbox 1009 803 1142 880; x_wconf 87' lang='lat' dir='ltr'><strong>quidem.</strong></span> 
     </span>
     <span class='ocr_line' id='line_1_6' title="bbox 195 887 1142 977; baseline -0.004 -16"><span class='ocrx_word' id='word_1_34' title='bbox 195 902 282 962; x_wconf 89' lang='lat' dir='ltr'><strong>Nihil</strong></span> <span class='ocrx_word' id='word_1_35' title='bbox 301 901 399 960; x_wconf 79' lang='lat' dir='ltr'><strong>utitem</strong></span> <span class='ocrx_word' id='word_1_36' title='bbox 418 900 586 970; x_wconf 88' lang='lat' dir='ltr'><strong>molestum,</strong></span> <span class='ocrx_word' id='word_1_37' title='bbox 604 898 683 977; x_wconf 89' lang='lat' dir='ltr'><strong>quod</strong></span> <span class='ocrx_word' id='word_1_38' title='bbox 702 917 763 957; x_wconf 91' lang='lat' dir='ltr'><strong>non</strong></span> <span class='ocrx_word' id='word_1_39' title='bbox 782 887 942 956; x_wconf 85' lang='lat' dir='ltr'><strong>desideres.</strong></span> <span class='ocrx_word' id='word_1_40' title='bbox 981 897 1067 958; x_wconf 90' lang='lat' dir='ltr'><strong>Bene</strong></span> <span class='ocrx_word' id='word_1_41' title='bbox 1088 898 1142 957; x_wconf 84' lang='lat' dir='ltr'><strong>So·</strong></span> 
     </span>
     <span class='ocr_line' id='line_1_7' title="bbox 194 992 1141 1076; baseline -0.002 -23"><span class='ocrx_word' id='word_1_42' title='bbox 194 996 324 1076; x_wconf 89' lang='lat' dir='ltr'><strong>phocles,</strong></span> <span class='ocrx_word' id='word_1_43' title='bbox 342 1015 410 1054; x_wconf 87' lang='lat' dir='ltr'><strong>cum</strong></span> <span class='ocrx_word' id='word_1_44' title='bbox 430 1014 469 1053; x_wconf 85' lang='lat' dir='ltr'><strong>ex</strong></span> <span class='ocrx_word' id='word_1_45' title='bbox 489 992 660 1071; x_wconf 83' lang='lat' dir='ltr'><strong>ecquidem</strong></span> <span class='ocrx_word' id='word_1_46' title='bbox 676 993 740 1071; x_wconf 87' lang='lat' dir='ltr'><strong>jam</strong></span> <span class='ocrx_word' id='word_1_47' title='bbox 761 992 864 1050; x_wconf 81' lang='lat' dir='ltr'><strong>affecto</strong></span> <span class='ocrx_word' id='word_1_48' title='bbox 883 1003 970 1050; x_wconf 78' lang='lat' dir='ltr'><strong>aetate</strong></span> <span class='ocrx_word' id='word_1_49' title='bbox 987 1005 1141 1069; x_wconf 75' lang='lat' dir='ltr'><strong>quaereret,</strong></span> 
     </span>
     <span class='ocr_line' id='line_1_8' title="bbox 160 1073 1143 1164; baseline -0.003 -14"><span class='ocrx_word' id='word_1_50' title='bbox 160 1075 165 1086; x_wconf 67' lang='grc'><strong>’</strong></span> <span class='ocrx_word' id='word_1_51' title='bbox 195 1103 365 1150; x_wconf 83' lang='lat' dir='ltr'><strong>utereturne</strong></span> <span class='ocrx_word' id='word_1_52' title='bbox 381 1090 469 1149; x_wconf 85' lang='lat' dir='ltr'><strong>rebus</strong></span> <span class='ocrx_word' id='word_1_53' title='bbox 482 1088 637 1148; x_wconf 78' lang='lat' dir='ltr'><strong>venereis:</strong></span> <span class='ocrx_word' id='word_1_54' title='bbox 658 1088 715 1148; x_wconf 81' lang='lat' dir='ltr'><strong>Dii</strong></span> <span class='ocrx_word' id='word_1_55' title='bbox 728 1083 871 1146; x_wconf 75' lang='lat' dir='ltr'><strong>meliora!</strong></span> <span class='ocrx_word' id='word_1_56' title='bbox 892 1085 1004 1164; x_wconf 89' lang='lat' dir='ltr'><strong>inquit:</strong></span> <span class='ocrx_word' id='word_1_57' title='bbox 1024 1073 1143 1147; x_wconf 66' lang='lat' dir='ltr'><strong>{deire</strong></span> 
     </span>
     <span class='ocr_line' id='line_1_9' title="bbox 195 1171 1141 1270; baseline -0.002 -26"><span class='ocrx_word' id='word_1_58' title='bbox 195 1203 260 1244; x_wconf 84' lang='lat' dir='ltr'><strong>cero</strong></span> <span class='ocrx_word' id='word_1_59' title='bbox 273 1186 364 1270; x_wconf 65' lang='lat' dir='ltr'><strong>ritino,</strong></span> <span class='ocrx_word' id='word_1_60' title='bbox 374 1185 448 1244; x_wconf 62' lang='lat' dir='ltr'><strong>mett</strong></span> <span class='ocrx_word' id='word_1_61' title='bbox 459 1205 484 1246; x_wconf 83' lang='lat' dir='ltr'><strong>ct</strong></span> <span class='ocrx_word' id='word_1_62' title='bbox 494 1183 607 1243; x_wconf 76' lang='lat' dir='ltr'><strong>domim</strong></span> <span class='ocrx_word' id='word_1_63' title='bbox 620 1181 729 1260; x_wconf 78' lang='lat' dir='ltr'><strong>agresti</strong></span> <span class='ocrx_word' id='word_1_64' title='bbox 741 1181 900 1260; x_wconf 75' lang='lat' dir='ltr'><strong>aesuriem</strong></span> <span class='ocrx_word' id='word_1_65' title='bbox 909 1171 1056 1261; x_wconf 67' lang='lat' dir='ltr'><strong>profugi.i</strong></span> <span class='ocrx_word' id='word_1_66' title='bbox 1081 1181 1141 1242; x_wconf 83' lang='lat' dir='ltr'><strong>Cu·</strong></span> 
     </span>
     <span class='ocr_line' id='line_1_10' title="bbox 194 1273 1141 1359; baseline 0 -23"><span class='ocrx_word' id='word_1_67' title='bbox 194 1277 274 1359; x_wconf 78' lang='lat' dir='ltr'><strong>pidia</strong></span> <span class='ocrx_word' id='word_1_68' title='bbox 294 1279 373 1338; x_wconf 89' lang='lat' dir='ltr'><strong>enim</strong></span> <span class='ocrx_word' id='word_1_69' title='bbox 392 1299 492 1338; x_wconf 86' lang='lat' dir='ltr'><strong>rerum</strong></span> <span class='ocrx_word' id='word_1_70' title='bbox 512 1278 623 1347; x_wconf 84' lang='lat' dir='ltr'><strong>talium,</strong></span> <span class='ocrx_word' id='word_1_71' title='bbox 642 1275 778 1336; x_wconf 85' lang='lat' dir='ltr'><strong>odiosum</strong></span> <span class='ocrx_word' id='word_1_72' title='bbox 793 1273 916 1334; x_wconf 84' lang='lat' dir='ltr'><strong>fortasse</strong></span> <span class='ocrx_word' id='word_1_73' title='bbox 932 1287 963 1334; x_wconf 90' lang='lat' dir='ltr'><strong>et</strong></span> <span class='ocrx_word' id='word_1_74' title='bbox 981 1277 1141 1336; x_wconf 81' lang='lat' dir='ltr'><strong>molestum</strong></span> 
     </span>
     <span class='ocr_line' id='line_1_11' title="bbox 194 1368 1141 1450; baseline -0.002 -17"><span class='ocrx_word' id='word_1_75' title='bbox 194 1387 240 1433; x_wconf 85' lang='lat' dir='ltr'><strong>est</strong></span> <span class='ocrx_word' id='word_1_76' title='bbox 252 1395 372 1447; x_wconf 87' lang='lat' dir='ltr'><strong>carere;</strong></span> <span class='ocrx_word' id='word_1_77' title='bbox 392 1374 502 1433; x_wconf 79' lang='lat' dir='ltr'><strong>satiatio</strong></span> <span class='ocrx_word' id='word_1_78' title='bbox 514 1392 594 1443; x_wconf 84' lang='lat' dir='ltr'><strong>vero,</strong></span> <span class='ocrx_word' id='word_1_79' title='bbox 605 1383 636 1432; x_wconf 92' lang='lat' dir='ltr'><strong>et</strong></span> <span class='ocrx_word' id='word_1_80' title='bbox 648 1369 787 1450; x_wconf 83' lang='lat' dir='ltr'><strong>expletis,</strong></span> <span class='ocrx_word' id='word_1_81' title='bbox 796 1368 959 1450; x_wconf 82' lang='lat' dir='ltr'><strong>juctindius</strong></span> <span class='ocrx_word' id='word_1_82' title='bbox 972 1382 1018 1429; x_wconf 88' lang='lat' dir='ltr'><strong>est</strong></span> <span class='ocrx_word' id='word_1_83' title='bbox 1031 1391 1141 1442; x_wconf 85' lang='lat' dir='ltr'><strong>carere,</strong></span> 
     </span>
     <span class='ocr_line' id='line_1_12' title="bbox 195 1463 1140 1547; baseline -0.002 -20"><span class='ocrx_word' id='word_1_84' title='bbox 195 1488 284 1547; x_wconf 87' lang='lat' dir='ltr'><strong>quam</strong></span> <span class='ocrx_word' id='word_1_85' title='bbox 301 1468 367 1528; x_wconf 85' lang='lat' dir='ltr'><strong>frui.</strong></span> <span class='ocrx_word' id='word_1_86' title='bbox 408 1467 602 1544; x_wconf 79' lang='lat' dir='ltr'><strong>Quamquam</strong></span> <span class='ocrx_word' id='word_1_87' title='bbox 614 1485 675 1524; x_wconf 86' lang='lat' dir='ltr'><strong>non</strong></span> <span class='ocrx_word' id='word_1_88' title='bbox 689 1475 771 1523; x_wconf 87' lang='lat' dir='ltr'><strong>caret</strong></span> <span class='ocrx_word' id='word_1_89' title='bbox 783 1464 818 1534; x_wconf 84' lang='lat' dir='ltr'><strong>ia,</strong></span> <span class='ocrx_word' id='word_1_90' title='bbox 832 1463 884 1542; x_wconf 93' lang='lat' dir='ltr'><strong>qui</strong></span> <span class='ocrx_word' id='word_1_91' title='bbox 899 1483 959 1522; x_wconf 91' lang='lat' dir='ltr'><strong>non</strong></span> <span class='ocrx_word' id='word_1_92' title='bbox 972 1463 1140 1526; x_wconf 70' lang='lat' dir='ltr'><strong>desiderem</strong></span> 
     </span>
     <span class='ocr_line' id='line_1_13' title="bbox 196 1557 1143 1640; baseline -0.002 -19"><span class='ocrx_word' id='word_1_93' title='bbox 196 1582 254 1640; x_wconf 81' lang='lat' dir='ltr'><strong>ego</strong></span> <span class='ocrx_word' id='word_1_94' title='bbox 273 1581 334 1621; x_wconf 90' lang='lat' dir='ltr'><strong>non</strong></span> <span class='ocrx_word' id='word_1_95' title='bbox 354 1561 523 1620; x_wconf 85' lang='lat' dir='ltr'><strong>desiderare</strong></span> <span class='ocrx_word' id='word_1_96' title='bbox 544 1559 611 1618; x_wconf 91' lang='lat' dir='ltr'><strong>dico</strong></span> <span class='ocrx_word' id='word_1_97' title='bbox 631 1579 696 1618; x_wconf 83' lang='lat' dir='ltr'><strong>esse</strong></span> <span class='ocrx_word' id='word_1_98' title='bbox 714 1557 886 1639; x_wconf 84' lang='lat' dir='ltr'><strong>jucundius.</strong></span> <span class='ocrx_word' id='word_1_99' title='bbox 935 1563 983 1618; x_wconf 79' lang='grc'><strong>48.</strong></span> <span class='ocrx_word' id='word_1_100' title='bbox 1004 1559 1143 1632; x_wconf 86' lang='lat' dir='ltr'><strong>Quodsi</strong></span> 
     </span>
     <span class='ocr_line' id='line_1_14' title="bbox 197 1651 1141 1734; baseline 0.002 -24"><span class='ocrx_word' id='word_1_101' title='bbox 197 1651 259 1710; x_wconf 90' lang='lat' dir='ltr'><strong>istis</strong></span> <span class='ocrx_word' id='word_1_102' title='bbox 272 1652 343 1730; x_wconf 89' lang='lat' dir='ltr'><strong>ipsis</strong></span> <span class='ocrx_word' id='word_1_103' title='bbox 352 1652 551 1732; x_wconf 84' lang='lat' dir='ltr'><strong>voluptatibus</strong></span> <span class='ocrx_word' id='word_1_104' title='bbox 560 1652 640 1711; x_wconf 88' lang='lat' dir='ltr'><strong>bona</strong></span> <span class='ocrx_word' id='word_1_105' title='bbox 652 1664 723 1711; x_wconf 77' lang='lat' dir='ltr'><strong>retas</strong></span> <span class='ocrx_word' id='word_1_106' title='bbox 734 1651 842 1711; x_wconf 81' lang='lat' dir='ltr'><strong>fruitur</strong></span> <span class='ocrx_word' id='word_1_107' title='bbox 853 1651 1004 1723; x_wconf 89' lang='lat' dir='ltr'><strong>libentius,</strong></span> <span class='ocrx_word' id='word_1_108' title='bbox 1013 1651 1141 1734; x_wconf 86' lang='lat' dir='ltr'><strong>primum</strong></span> 
     </span>
     <span class='ocr_line' id='line_1_15' title="bbox 196 1745 1143 1826; baseline 0.004 -22"><span class='ocrx_word' id='word_1_109' title='bbox 196 1747 326 1826; x_wconf 83' lang='lat' dir='ltr'><strong>parvulis</strong></span> <span class='ocrx_word' id='word_1_110' title='bbox 348 1745 455 1804; x_wconf 79' lang='lat' dir='ltr'><strong>fruitur</strong></span> <span class='ocrx_word' id='word_1_111' title='bbox 480 1747 580 1816; x_wconf 87' lang='lat' dir='ltr'><strong>rebus,</strong></span> <span class='ocrx_word' id='word_1_112' title='bbox 601 1757 634 1804; x_wconf 89' lang='lat' dir='ltr'><strong>ut</strong></span> <span class='ocrx_word' id='word_1_113' title='bbox 655 1745 803 1806; x_wconf 83' lang='lat' dir='ltr'><strong>diximus:</strong></span> <span class='ocrx_word' id='word_1_114' title='bbox 833 1745 941 1806; x_wconf 89' lang='lat' dir='ltr'><strong>deinde</strong></span> <span class='ocrx_word' id='word_1_115' title='bbox 964 1748 1010 1817; x_wconf 85' lang='lat' dir='ltr'><strong>iie,</strong></span> <span class='ocrx_word' id='word_1_116' title='bbox 1034 1748 1143 1826; x_wconf 90' lang='lat' dir='ltr'><strong>quibus</strong></span> 
     </span>
     <span class='ocr_line' id='line_1_16' title="bbox 184 1839 1143 1918; baseline 0.002 -18"><span class='ocrx_word' id='word_1_117' title='bbox 184 1853 342 1911; x_wconf 63' lang='lat' dir='ltr'><strong>,senectus</strong></span> <span class='ocrx_word' id='word_1_118' title='bbox 360 1841 459 1900; x_wconf 77' lang='lat' dir='ltr'><strong>sium</strong></span> <span class='ocrx_word' id='word_1_119' title='bbox 480 1839 596 1900; x_wconf 77' lang='lat' dir='ltr'><strong>abunde</strong></span> <span class='ocrx_word' id='word_1_120' title='bbox 613 1840 733 1918; x_wconf 90' lang='lat' dir='ltr'><strong>potitur,</strong></span> <span class='ocrx_word' id='word_1_121' title='bbox 749 1859 810 1899; x_wconf 89' lang='lat' dir='ltr'><strong>non</strong></span> <span class='ocrx_word' id='word_1_122' title='bbox 828 1841 950 1900; x_wconf 80' lang='lat' dir='ltr'><strong>omnino</strong></span> <span class='ocrx_word' id='word_1_123' title='bbox 969 1853 1062 1910; x_wconf 73' lang='lat' dir='ltr'><strong>caret,</strong></span> <span class='ocrx_word' id='word_1_124' title='bbox 1093 1841 1143 1902; x_wconf 79' lang='lat' dir='ltr'><strong>&#39;Ut</strong></span> 
     </span>
     <span class='ocr_line' id='line_1_17' title="bbox 198 1935 1143 2014; baseline 0.004 -21"><span class='ocrx_word' id='word_1_125' title='bbox 198 1935 350 2014; x_wconf 85' lang='lat' dir='ltr'><strong>Turpione</strong></span> <span class='ocrx_word' id='word_1_126' title='bbox 366 1935 507 1994; x_wconf 85' lang='lat' dir='ltr'><strong>Ambivio</strong></span> <span class='ocrx_word' id='word_1_127' title='bbox 523 1935 617 2014; x_wconf 85' lang='lat' dir='ltr'><strong>magis</strong></span> <span class='ocrx_word' id='word_1_128' title='bbox 634 1935 807 2005; x_wconf 83' lang='lat' dir='ltr'><strong>delectetur,</strong></span> <span class='ocrx_word' id='word_1_129' title='bbox 820 1935 872 2012; x_wconf 87' lang='lat' dir='ltr'><strong>qui</strong></span> <span class='ocrx_word' id='word_1_130' title='bbox 887 1935 918 1994; x_wconf 90' lang='lat' dir='ltr'><strong>iu</strong></span> <span class='ocrx_word' id='word_1_131' title='bbox 933 1936 1032 2014; x_wconf 85' lang='lat' dir='ltr'><strong>prima</strong></span> <span class='ocrx_word' id='word_1_132' title='bbox 1051 1955 1143 1998; x_wconf 84' lang='lat' dir='ltr'><strong>cavea</strong></span> 
     </span>
     <span class='ocr_line' id='line_1_18' title="bbox 196 2028 1143 2108; baseline 0.002 -20"><span class='ocrx_word' id='word_1_133' title='bbox 196 2041 319 2108; x_wconf 88' lang='lat' dir='ltr'><strong>spectat,</strong></span> <span class='ocrx_word' id='word_1_134' title='bbox 334 2028 500 2088; x_wconf 81' lang='lat' dir='ltr'><strong>delectatur</strong></span> <span class='ocrx_word' id='word_1_135' title='bbox 519 2042 619 2090; x_wconf 87' lang='lat' dir='ltr'><strong>tamen</strong></span> <span class='ocrx_word' id='word_1_136' title='bbox 640 2029 740 2098; x_wconf 85' lang='lat' dir='ltr'><strong>etiam,</strong></span> <span class='ocrx_word' id='word_1_137' title='bbox 754 2030 806 2108; x_wconf 89' lang='lat' dir='ltr'><strong>qui</strong></span> <span class='ocrx_word' id='word_1_138' title='bbox 822 2030 852 2088; x_wconf 91' lang='lat' dir='ltr'><strong>in</strong></span> <span class='ocrx_word' id='word_1_139' title='bbox 869 2029 992 2090; x_wconf 84' lang='lat' dir='ltr'><strong>ultime:</strong></span> <span class='ocrx_word' id='word_1_140' title='bbox 1014 2031 1057 2090; x_wconf 88' lang='lat' dir='ltr'><strong>sic</strong></span> <span class='ocrx_word' id='word_1_141' title='bbox 1074 2030 1143 2090; x_wconf 86' lang='lat' dir='ltr'><strong>ado·</strong></span> 
     </span>
     <span class='ocr_line' id='line_1_19' title="bbox 196 2123 1143 2210; baseline 0.005 -30"><span class='ocrx_word' id='word_1_142' title='bbox 196 2123 346 2198; x_wconf 84' lang='lat' dir='ltr'><strong>lescentia,</strong></span> <span class='ocrx_word' id='word_1_143' title='bbox 360 2125 525 2203; x_wconf 83' lang='lat' dir='ltr'><strong>voluptates</strong></span> <span class='ocrx_word' id='word_1_144' title='bbox 540 2136 665 2203; x_wconf 88' lang='lat' dir='ltr'><strong>propter</strong></span> <span class='ocrx_word' id='word_1_145' title='bbox 680 2123 805 2210; x_wconf 83' lang='lat' dir='ltr'><strong>intuens,</strong></span> <span class='ocrx_word' id='word_1_146' title='bbox 819 2125 914 2203; x_wconf 85' lang='lat' dir='ltr'><strong>magis</strong></span> <span class='ocrx_word' id='word_1_147' title='bbox 927 2125 1050 2185; x_wconf 77' lang='lat' dir='ltr'><strong>sortasse</strong></span> <span class='ocrx_word' id='word_1_148' title='bbox 1063 2127 1143 2185; x_wconf 76' lang='lat' dir='ltr'><strong>laeta·</strong></span> 
     </span>
     <span class='ocr_line' id='line_1_20' title="bbox 197 2219 1143 2299; baseline 0.003 -22"><span class='ocrx_word' id='word_1_149' title='bbox 197 2231 262 2290; x_wconf 89' lang='lat' dir='ltr'><strong>tur;</strong></span> <span class='ocrx_word' id='word_1_150' title='bbox 284 2219 339 2278; x_wconf 87' lang='lat' dir='ltr'><strong>sed</strong></span> <span class='ocrx_word' id='word_1_151' title='bbox 355 2219 520 2280; x_wconf 85' lang='lat' dir='ltr'><strong>delectetur</strong></span> <span class='ocrx_word' id='word_1_152' title='bbox 536 2220 627 2279; x_wconf 85' lang='lat' dir='ltr'><strong>etiam</strong></span> <span class='ocrx_word' id='word_1_153' title='bbox 648 2230 798 2289; x_wconf 82' lang='lat' dir='ltr'><strong>senectus,</strong></span> <span class='ocrx_word' id='word_1_154' title='bbox 813 2221 917 2298; x_wconf 88' lang='lat' dir='ltr'><strong>procul</strong></span> <span class='ocrx_word' id='word_1_155' title='bbox 934 2239 985 2280; x_wconf 83' lang='lat' dir='ltr'><strong>eas</strong></span> <span class='ocrx_word' id='word_1_156' title='bbox 1006 2232 1143 2299; x_wconf 79' lang='lat' dir='ltr'><strong>spectans</strong></span> 
     </span>
     <span class='ocr_line' id='line_1_21' title="bbox 196 2314 1143 2394; baseline 0.002 -21"><span class='ocrx_word' id='word_1_157' title='bbox 196 2326 317 2386; x_wconf 82' lang='lat' dir='ltr'><strong>tanturn,</strong></span> <span class='ocrx_word' id='word_1_158' title='bbox 328 2328 470 2394; x_wconf 89' lang='lat' dir='ltr'><strong>quantum</strong></span> <span class='ocrx_word' id='word_1_159' title='bbox 482 2327 528 2374; x_wconf 84' lang='lat' dir='ltr'><strong>sut</strong></span> <span class='ocrx_word' id='word_1_160' title='bbox 538 2322 592 2376; x_wconf 88' lang='lat' dir='ltr'><strong>est.</strong></span> <span class='ocrx_word' id='word_1_161' title='bbox 633 2319 680 2374; x_wconf 76' lang='lat'><strong>49.</strong></span> <span class='ocrx_word' id='word_1_162' title='bbox 698 2315 740 2373; x_wconf 88' lang='lat' dir='ltr'><strong>At</strong></span> <span class='ocrx_word' id='word_1_163' title='bbox 750 2315 801 2372; x_wconf 83' lang='lat' dir='ltr'><strong>illa</strong></span> <span class='ocrx_word' id='word_1_164' title='bbox 812 2315 914 2392; x_wconf 86' lang='lat' dir='ltr'><strong>quanti</strong></span> <span class='ocrx_word' id='word_1_165' title='bbox 924 2327 1003 2387; x_wconf 84' lang='lat' dir='ltr'><strong>sunt,</strong></span> <span class='ocrx_word' id='word_1_166' title='bbox 1012 2314 1143 2375; x_wconf 89' lang='lat' dir='ltr'><strong>animum</strong></span> 
     </span>
     <span class='ocr_line' id='line_1_22' title="bbox 196 2408 1142 2489; baseline 0.001 -22"><span class='ocrx_word' id='word_1_167' title='bbox 196 2420 346 2488; x_wconf 89' lang='lat' dir='ltr'><strong>tamquam</strong></span> <span class='ocrx_word' id='word_1_168' title='bbox 362 2411 492 2470; x_wconf 79' lang='lat' dir='ltr'><strong>emeritis</strong></span> <span class='ocrx_word' id='word_1_169' title='bbox 507 2409 663 2489; x_wconf 75' lang='lat' dir='ltr'><strong>stipendiis</strong></span> <span class='ocrx_word' id='word_1_170' title='bbox 679 2408 822 2480; x_wconf 88' lang='lat' dir='ltr'><strong>libidinis,</strong></span> <span class='ocrx_word' id='word_1_171' title='bbox 836 2409 1011 2480; x_wconf 76' lang='lat' dir='ltr'><strong>ambitionis,</strong></span> <span class='ocrx_word' id='word_1_172' title='bbox 1025 2422 1142 2470; x_wconf 89' lang='lat' dir='ltr'><strong>conten-</strong></span> 
     </span>
     <span class='ocr_line' id='line_1_23' title="bbox 196 2503 1143 2584; baseline 0.005 -23"><span class='ocrx_word' id='word_1_173' title='bbox 196 2503 292 2573; x_wconf 67' lang='lat' dir='ltr'><strong>tionis,</strong></span> <span class='ocrx_word' id='word_1_174' title='bbox 312 2503 543 2572; x_wconf 79' lang='lat' dir='ltr'><strong>inimicitiarum,</strong></span> <span class='ocrx_word' id='word_1_175' title='bbox 563 2504 757 2584; x_wconf 80' lang='lat' dir='ltr'><strong>cupiditatum</strong></span> <span class='ocrx_word' id='word_1_176' title='bbox 784 2505 932 2575; x_wconf 69' lang='lat' dir='ltr'><strong>omnium,</strong></span> <span class='ocrx_word' id='word_1_177' title='bbox 950 2526 1050 2565; x_wconf 84' lang='lat' dir='ltr'><strong>aecum</strong></span> <span class='ocrx_word' id='word_1_178' title='bbox 1077 2527 1143 2566; x_wconf 87' lang='lat' dir='ltr'><strong>esse</strong></span> 
     </span>
     <span class='ocr_line' id='line_1_24' title="bbox 197 2597 1144 2680; baseline 0.007 -25"><span class='ocrx_word' id='word_1_179' title='bbox 197 2616 356 2674; x_wconf 87' lang='lat' dir='ltr'><strong>secumque</strong></span> <span class='ocrx_word' id='word_1_180' title='bbox 379 2600 425 2676; x_wconf 90' lang='lat' dir='ltr'><strong>(ut</strong></span> <span class='ocrx_word' id='word_1_181' title='bbox 447 2597 566 2676; x_wconf 84' lang='lat' dir='ltr'><strong>dicitur)</strong></span> <span class='ocrx_word' id='word_1_182' title='bbox 589 2599 706 2660; x_wconf 83' lang='lat' dir='ltr'><strong>vivere!</strong></span> <span class='ocrx_word' id='word_1_183' title='bbox 759 2599 793 2658; x_wconf 83' lang='lat' dir='ltr'><strong>Si</strong></span> <span class='ocrx_word' id='word_1_184' title='bbox 816 2617 888 2658; x_wconf 82' lang='lat' dir='ltr'><strong>vero</strong></span> <span class='ocrx_word' id='word_1_185' title='bbox 910 2600 1000 2660; x_wconf 85' lang='lat' dir='ltr'><strong>habet</strong></span> <span class='ocrx_word' id='word_1_186' title='bbox 1023 2601 1144 2680; x_wconf 85' lang='lat' dir='ltr'><strong>aliquod</strong></span> 
     </span>
     <span class='ocr_line' id='line_1_25' title="bbox 196 2691 1143 2770; baseline 0.006 -22"><span class='ocrx_word' id='word_1_187' title='bbox 196 2701 346 2767; x_wconf 84' lang='lat' dir='ltr'><strong>tamquam</strong></span> <span class='ocrx_word' id='word_1_188' title='bbox 361 2691 505 2769; x_wconf 84' lang='lat' dir='ltr'><strong>pabulum</strong></span> <span class='ocrx_word' id='word_1_189' title='bbox 525 2693 613 2752; x_wconf 84' lang='lat' dir='ltr'><strong>studii</strong></span> <span class='ocrx_word' id='word_1_190' title='bbox 630 2706 717 2770; x_wconf 86' lang='lat' dir='ltr'><strong>atqua</strong></span> <span class='ocrx_word' id='word_1_191' title='bbox 734 2693 884 2763; x_wconf 75' lang='lat' dir='ltr'><strong>doctrinm,</strong></span> <span class='ocrx_word' id='word_1_192' title='bbox 897 2694 971 2753; x_wconf 91' lang='lat' dir='ltr'><strong>nihil</strong></span> <span class='ocrx_word' id='word_1_193' title='bbox 989 2707 1034 2754; x_wconf 83' lang='lat' dir='ltr'><strong>eet</strong></span> <span class='ocrx_word' id='word_1_194' title='bbox 1050 2696 1143 2755; x_wconf 90' lang='lat' dir='ltr'><strong>otiosa</strong></span> 
     </span>
     <span class='ocr_line' id='line_1_26' title="bbox 198 2785 1143 2868; baseline 0.007 -26"><span class='ocrx_word' id='word_1_195' title='bbox 198 2795 349 2844; x_wconf 85' lang='lat' dir='ltr'><strong>senectute</strong></span> <span class='ocrx_word' id='word_1_196' title='bbox 365 2785 534 2863; x_wconf 89' lang='lat' dir='ltr'><strong>jucundius.</strong></span> <span class='ocrx_word' id='word_1_197' title='bbox 599 2787 677 2846; x_wconf 87' lang='lat' dir='ltr'><strong>Mori</strong></span> <span class='ocrx_word' id='word_1_198' title='bbox 693 2809 780 2868; x_wconf 83' lang='lat' dir='ltr'><strong>paene</strong></span> <span class='ocrx_word' id='word_1_199' title='bbox 800 2787 976 2849; x_wconf 85' lang='lat' dir='ltr'><strong>videbamus</strong></span> <span class='ocrx_word' id='word_1_200' title='bbox 995 2790 1026 2848; x_wconf 92' lang='lat' dir='ltr'><strong>in</strong></span> <span class='ocrx_word' id='word_1_201' title='bbox 1046 2789 1143 2849; x_wconf 79' lang='lat' dir='ltr'><strong>itudio</strong></span> 
     </span>
     <span class='ocr_line' id='line_1_27' title="bbox 198 2879 1143 2963; baseline 0.008 -27"><span class='ocrx_word' id='word_1_202' title='bbox 198 2879 371 2938; x_wconf 91' lang='lat' dir='ltr'><strong>dimetiendi</strong></span> <span class='ocrx_word' id='word_1_203' title='bbox 384 2880 452 2940; x_wconf 81' lang='lat' dir='ltr'><strong>coeli</strong></span> <span class='ocrx_word' id='word_1_204' title='bbox 468 2892 555 2960; x_wconf 87' lang='lat' dir='ltr'><strong>atque</strong></span> <span class='ocrx_word' id='word_1_205' title='bbox 572 2893 658 2942; x_wconf 80' lang='lat' dir='ltr'><strong>terrae</strong></span> <span class='ocrx_word' id='word_1_206' title='bbox 673 2883 708 2943; x_wconf 85' lang='lat' dir='ltr'><strong>G.</strong></span> <span class='ocrx_word' id='word_1_207' title='bbox 717 2883 847 2955; x_wconf 82' lang='lat' dir='ltr'><strong>Gallum,</strong></span> <span class='ocrx_word' id='word_1_208' title='bbox 860 2883 1035 2942; x_wconf 82' lang='lat' dir='ltr'><strong>familiarem</strong></span> <span class='ocrx_word' id='word_1_209' title='bbox 1052 2885 1143 2963; x_wconf 83' lang='lat' dir='ltr'><strong>patris</strong></span> 
     </span>
     <span class='ocr_line' id='line_1_28' title="bbox 198 2974 1143 3057; baseline 0.006 -24"><span class='ocrx_word' id='word_1_210' title='bbox 198 2974 251 3044; x_wconf 91' lang='lat' dir='ltr'><strong>tui,</strong></span> <span class='ocrx_word' id='word_1_211' title='bbox 266 2975 383 3055; x_wconf 88' lang='lat' dir='ltr'><strong>Scipio!</strong></span> <span class='ocrx_word' id='word_1_212' title='bbox 424 2976 552 3049; x_wconf 86' lang='lat' dir='ltr'><strong>Quoties</strong></span> <span class='ocrx_word' id='word_1_213' title='bbox 569 2979 652 3037; x_wconf 90' lang='lat' dir='ltr'><strong>illum</strong></span> <span class='ocrx_word' id='word_1_214' title='bbox 667 2981 731 3048; x_wconf 87' lang='lat' dir='ltr'><strong>lux,</strong></span> <span class='ocrx_word' id='word_1_215' title='bbox 745 2993 833 3038; x_wconf 91' lang='lat' dir='ltr'><strong>noctu</strong></span> <span class='ocrx_word' id='word_1_216' title='bbox 850 2978 963 3057; x_wconf 90' lang='lat' dir='ltr'><strong>aliquid</strong></span> <span class='ocrx_word' id='word_1_217' title='bbox 975 2978 1143 3039; x_wconf 85' lang='lat' dir='ltr'><strong>describere</strong></span> 
     </span>
     <span class='ocr_line' id='line_1_29' title="bbox 198 3070 1141 3152; baseline 0.005 -24"><span class='ocrx_word' id='word_1_218' title='bbox 198 3070 372 3148; x_wconf 78' lang='lat' dir='ltr'><strong>ingressum,</strong></span> <span class='ocrx_word' id='word_1_219' title='bbox 390 3071 503 3150; x_wconf 89' lang='lat' dir='ltr'><strong>quoties</strong></span> <span class='ocrx_word' id='word_1_220' title='bbox 525 3091 585 3131; x_wconf 83' lang='lat' dir='ltr'><strong>uox</strong></span> <span class='ocrx_word' id='word_1_221' title='bbox 610 3073 764 3152; x_wconf 88' lang='lat' dir='ltr'><strong>oppressit,</strong></span> <span class='ocrx_word' id='word_1_222' title='bbox 782 3093 851 3133; x_wconf 84' lang='lat' dir='ltr'><strong>curn</strong></span> <span class='ocrx_word' id='word_1_223' title='bbox 875 3091 962 3132; x_wconf 89' lang='lat' dir='ltr'><strong>mane</strong></span> <span class='ocrx_word' id='word_1_224' title='bbox 985 3073 1141 3152; x_wconf 81' lang='lat' dir='ltr'><strong>coepisset!</strong></span> 
     </span>
     <span class='ocr_line' id='line_1_30' title="bbox 199 3164 1144 3244; baseline 0.004 -20"><span class='ocrx_word' id='word_1_225' title='bbox 199 3185 288 3244; x_wconf 85' lang='lat' dir='ltr'><strong>quam</strong></span> <span class='ocrx_word' id='word_1_226' title='bbox 298 3164 466 3226; x_wconf 85' lang='lat' dir='ltr'><strong>delectabat</strong></span> <span class='ocrx_word' id='word_1_227' title='bbox 475 3187 545 3226; x_wconf 90' lang='lat' dir='ltr'><strong>eum</strong></span> <span class='ocrx_word' id='word_1_228' title='bbox 556 3165 736 3228; x_wconf 77' lang='lat' dir='ltr'><strong>deiectiones</strong></span> <span class='ocrx_word' id='word_1_229' title='bbox 746 3168 818 3228; x_wconf 87' lang='lat' dir='ltr'><strong>solis</strong></span> <span class='ocrx_word' id='word_1_230' title='bbox 829 3179 858 3228; x_wconf 90' lang='lat' dir='ltr'><strong>et</strong></span> <span class='ocrx_word' id='word_1_231' title='bbox 867 3170 945 3227; x_wconf 85' lang='lat' dir='ltr'><strong>lunae</strong></span> <span class='ocrx_word' id='word_1_232' title='bbox 955 3170 1049 3227; x_wconf 86' lang='lat' dir='ltr'><strong>multo</strong></span> <span class='ocrx_word' id='word_1_233' title='bbox 1057 3167 1144 3228; x_wconf 87' lang='lat' dir='ltr'><strong>nobis</strong></span> 
     </span>
     <span class='ocr_line' id='line_1_31' title="bbox 199 3261 1144 3341; baseline 0.001 -21"><span class='ocrx_word' id='word_1_234' title='bbox 199 3272 267 3320; x_wconf 83' lang='lat' dir='ltr'><strong>ante</strong></span> <span class='ocrx_word' id='word_1_235' title='bbox 279 3261 456 3341; x_wconf 76' lang='lat' dir='ltr'><strong>praedicere!</strong></span> <span class='ocrx_word' id='word_1_236' title='bbox 468 3285 480 3310; x_wconf 64' lang='grc' dir='ltr'><strong><em>ι</em></strong></span> <span class='ocrx_word' id='word_1_237' title='bbox 495 3265 543 3320; x_wconf 81' lang='grc'><strong>50.</strong></span> <span class='ocrx_word' id='word_1_238' title='bbox 557 3262 639 3334; x_wconf 82' lang='lat' dir='ltr'><strong>Quid</strong></span> <span class='ocrx_word' id='word_1_239' title='bbox 651 3263 681 3320; x_wconf 92' lang='lat' dir='ltr'><strong>in</strong></span> <span class='ocrx_word' id='word_1_240' title='bbox 690 3263 850 3323; x_wconf 86' lang='lat' dir='ltr'><strong>levioribus</strong></span> <span class='ocrx_word' id='word_1_241' title='bbox 861 3263 974 3334; x_wconf 79' lang='lat' dir='ltr'><strong>studiis,</strong></span> <span class='ocrx_word' id='word_1_242' title='bbox 983 3263 1036 3322; x_wconf 86' lang='lat' dir='ltr'><strong>sed</strong></span> <span class='ocrx_word' id='word_1_243' title='bbox 1044 3273 1144 3322; x_wconf 59' lang='lat' dir='ltr'><strong>nmen</strong></span> 
     </span>
     <span class='ocr_line' id='line_1_32' title="bbox 199 3355 1145 3436; baseline 0.001 -21"><span class='ocrx_word' id='word_1_244' title='bbox 199 3355 315 3417; x_wconf 83' lang='lat' dir='ltr'><strong>acutisi</strong></span> <span class='ocrx_word' id='word_1_245' title='bbox 336 3376 424 3435; x_wconf 81' lang='lat' dir='ltr'><strong>quam</strong></span> <span class='ocrx_word' id='word_1_246' title='bbox 438 3355 587 3436; x_wconf 84' lang='lat' dir='ltr'><strong>gaudebat</strong></span> <span class='ocrx_word' id='word_1_247' title='bbox 600 3357 679 3416; x_wconf 87' lang='lat' dir='ltr'><strong>bello</strong></span> <span class='ocrx_word' id='word_1_248' title='bbox 695 3378 748 3416; x_wconf 90' lang='lat' dir='ltr'><strong>suo</strong></span> <span class='ocrx_word' id='word_1_249' title='bbox 761 3359 878 3418; x_wconf 87' lang='lat' dir='ltr'><strong>Punico</strong></span> <span class='ocrx_word' id='word_1_250' title='bbox 892 3357 1034 3418; x_wconf 79' lang='lat' dir='ltr'><strong>Naevius!</strong></span> <span class='ocrx_word' id='word_1_251' title='bbox 1056 3377 1145 3436; x_wconf 91' lang='lat' dir='ltr'><strong>quam</strong></span> 
     </span>
     <span class='ocr_line' id='line_1_33' title="bbox 201 3451 1145 3532; baseline -0.001 -22"><span class='ocrx_word' id='word_1_252' title='bbox 201 3451 381 3513; x_wconf 87' lang='lat' dir='ltr'><strong>Truculento</strong></span> <span class='ocrx_word' id='word_1_253' title='bbox 391 3453 533 3514; x_wconf 81' lang='lat' dir='ltr'><strong>Plautus!</strong></span> <span class='ocrx_word' id='word_1_254' title='bbox 556 3472 644 3532; x_wconf 81' lang='lat' dir='ltr'><strong>quam</strong></span> <span class='ocrx_word' id='word_1_255' title='bbox 655 3452 821 3512; x_wconf 79' lang='lat' dir='ltr'><strong>Pseudolo!</strong></span> <span class='ocrx_word' id='word_1_256' title='bbox 856 3451 930 3510; x_wconf 87' lang='lat' dir='ltr'><strong>Vidi</strong></span> <span class='ocrx_word' id='word_1_257' title='bbox 939 3452 1029 3511; x_wconf 85' lang='lat' dir='ltr'><strong>etiam</strong></span> <span class='ocrx_word' id='word_1_258' title='bbox 1043 3471 1145 3511; x_wconf 85' lang='lat' dir='ltr'><strong>senem</strong></span> 
     </span>
     <span class='ocr_line' id='line_1_34' title="bbox 201 3545 1145 3627; baseline 0 -23"><span class='ocrx_word' id='word_1_259' title='bbox 201 3545 340 3607; x_wconf 82' lang='lat' dir='ltr'><strong>Livium:</strong></span> <span class='ocrx_word' id='word_1_260' title='bbox 361 3549 495 3627; x_wconf 91' lang='lat' dir='ltr'><strong>qui,cum</strong></span> <span class='ocrx_word' id='word_1_261' title='bbox 516 3568 570 3608; x_wconf 84' lang='lat' dir='ltr'><strong>sex</strong></span> <span class='ocrx_word' id='word_1_262' title='bbox 587 3547 672 3608; x_wconf 84' lang='lat' dir='ltr'><strong>annio</strong></span> <span class='ocrx_word' id='word_1_263' title='bbox 700 3559 768 3607; x_wconf 88' lang='lat' dir='ltr'><strong>ante</strong></span> <span class='ocrx_word' id='word_1_264' title='bbox 784 3566 873 3626; x_wconf 86' lang='lat' dir='ltr'><strong>quam</strong></span> <span class='ocrx_word' id='word_1_265' title='bbox 890 3567 948 3625; x_wconf 87' lang='lat' dir='ltr'><strong>ego</strong></span> <span class='ocrx_word' id='word_1_266' title='bbox 964 3559 1051 3607; x_wconf 81' lang='lat' dir='ltr'><strong>natus</strong></span> <span class='ocrx_word' id='word_1_267' title='bbox 1079 3566 1145 3606; x_wconf 90' lang='lat' dir='ltr'><strong>sum</strong></span> 
     </span>
     <span class='ocr_line' id='line_1_35' title="bbox 201 3639 1146 3718; baseline 0.001 -21"><span class='ocrx_word' id='word_1_268' title='bbox 201 3639 1146 3718; x_wconf 81' lang='lat' dir='ltr'><strong>fabulamdocuisset,GentoneTuditanoqueconsulibus,usqua</strong></span> 
     </span>
     <span class='ocr_line' id='line_1_36' title="bbox 202 3733 1148 3816; baseline 0.001 -25"><span class='ocrx_word' id='word_1_269' title='bbox 202 3733 238 3791; x_wconf 90' lang='lat' dir='ltr'><strong>ad</strong></span> <span class='ocrx_word' id='word_1_270' title='bbox 254 3733 480 3797; x_wconf 86' lang='lat' dir='ltr'><strong>adolescentiam</strong></span> <span class='ocrx_word' id='word_1_271' title='bbox 493 3757 591 3797; x_wconf 78' lang='lat' dir='ltr'><strong>meam</strong></span> <span class='ocrx_word' id='word_1_272' title='bbox 605 3737 751 3816; x_wconf 86' lang='lat' dir='ltr'><strong>processit</strong></span> <span class='ocrx_word' id='word_1_273' title='bbox 763 3746 860 3795; x_wconf 82' lang='lat' dir='ltr'><strong>astate.</strong></span> <span class='ocrx_word' id='word_1_274' title='bbox 900 3735 986 3807; x_wconf 82' lang='lat' dir='ltr'><strong>Quid</strong></span> <span class='ocrx_word' id='word_1_275' title='bbox 999 3736 1040 3794; x_wconf 90' lang='lat' dir='ltr'><strong>de</strong></span> <span class='ocrx_word' id='word_1_276' title='bbox 1051 3735 1087 3794; x_wconf 88' lang='lat' dir='ltr'><strong>P.</strong></span> <span class='ocrx_word' id='word_1_277' title='bbox 1098 3733 1148 3795; x_wconf 83' lang='lat' dir='ltr'><strong>Li·</strong></span> 
     </span>
    </p>
   </div>
   <div class='ocr_carea' id='block_1_3' title="bbox 0 0 1342 4508">
    <p class='ocr_par' dir='ltr' id='par_1_3' title="bbox 0 0 1342 4508">
     <span class='ocr_line' id='line_1_37' title="bbox 0 0 1342 4508; baseline 0 0"><span class='ocrx_word' id='word_1_278' title='bbox 0 0 1342 4508; x_wconf 95' lang='lat' dir='ltr'><strong> </strong></span> 
     </span>
    </p>
   </div>
  </div>
 </body>
</html>
