2664 4508
336 497 407 540 sive
425 497 465 539 ss
485 495 872 540 sansorors.--osr.x1x.
1038 467 1081 545 25

127 631 284 690 sollicitam
293 629 407 688 habere
420 640 552 687 nostram
566 639 683 688 aetatem
693 626 819 698 videtur,
832 629 1081 708 appropinquatio

126 727 246 785 mortis:
271 746 339 803 quae
360 738 441 784 certe
459 745 476 783 a
492 736 647 782 senectute
667 743 727 780 non
743 736 844 802 potest
859 726 946 803 longe
968 727 1080 785 abesse.

53 843 56 852 ’
126 821 153 880 Ο
164 820 306 879 miserum
320 841 432 890 senem,
441 819 492 896 qui
503 832 628 878 mortem
640 820 884 878 contemnendam
899 840 964 878 esse
975 821 1004 878 in
1019 834 1079 879 tam

125 918 217 994 longa
230 929 319 975 aetate
334 935 393 974 non
404 914 525 974 videritl
545 935 612 992 quae
627 927 678 972 aut
692 915 780 993 plane
794 915 975 992 negligenda
989 929 1042 984 est,
1054 916 1079 974 si

126 1011 248 1090 omnino
258 1012 431 1090 ¹'exstinguit
445 1011 577 1092 animum
586 1033 594 1082 ;
617 1023 667 1101 aut
684 1003 773 1069 etiam
788 1011 926 1089 optanda,
940 1012 965 1070 si
980 1012 1080 1088 aliquo

126 1104 198 1164 eum
206 1106 336 1176 deducit,
345 1105 398 1164 ubi
410 1106 448 1164 sit
457 1105 574 1163 futurus
588 1117 724 1163 aeternus.
765 1106 1078 1194 Atquitertium'eerte
1169 1105 1176 1120 ⁸

124 1200 199 1257 nihil
214 1200 340 1258 inveniri
354 1212 461 1277 potest.
502 1203 549 1256 67.
567 1199 651 1269 Quid
665 1199 756 1276 igitur
769 1200 899 1270 timeam,
909 1201 939 1258 'si
954 1213 1005 1259 aut
1020 1221 1079 1260 non

123 1295 217 1352 miser
230 1307 297 1372 post
311 1306 447 1362 mortem,
459 1306 510 1350 aut
519 1293 623 1351 beatus
638 1293 728 1349 etiam
739 1291 857 1352 futurus
871 1295 958 1354 euml
979 1285 1079 1372 quam·

125 1409 216 1468 quam
231 1389 297 1465 quis
311 1399 356 1446 est
369 1400 429 1445 tam
443 1387 561 1456 stultus,
575 1386 709 1463 quamvis
726 1386 764 1444 sit
782 1387 966 1458 adolescens,
982 1390 1029 1446 eui
1043 1390 1080 1448 sit
1139 1449 1150 1466 ,

125 1484 324 1562 exploratum,
345 1501 378 1540 se
401 1480 439 1539 ad
449 1501 606 1559 vesperum
619 1501 684 1540 esse
693 1481 860 1540 'victuruml
894 1483 1077 1554 Quinetiam

124 1591 194 1636 aetas
211 1575 261 1635 illa
278 1578 371 1635 multo
388 1578 499 1655 plures,
511 1596 600 1652 quarn
621 1561 847 1645 nostramortis
867 1598 953 1636 casus
969 1579 1076 1638 hebet:

124 1672 241 1731 facilius
258 1673 289 1730 in
309 1673 428 1730 morbos
445 1666 583 1729 incidunt
602 1670 822 1742 adolescentes;
845 1673 964 1751 gravius
984 1695 1076 1752 aegro-

123 1765 202 1840 tant;
224 1768 334 1826 tristius
349 1780 499 1825 curantur.
539 1767 645 1844 Itaque
656 1767 746 1845 pauci
756 1767 880 1827 veniunt
894 1768 931 1827 ad
943 1782 1076 1828 senectu-

123 1876 200 1922 tem:
222 1863 301 1940 quod
312 1863 343 1920 ni
355 1863 396 1932 ita
407 1862 563 1932 accideret,
573 1863 679 1922 melius
690 1876 720 1921 st
730 1849 906 1942 prudentius
915 1865 1076 1924 viveretur.

123 1959 213 2017 Mens
230 1959 318 2028 enim,
332 1971 363 2016 et
383 1959 468 2028 ratio,
484 1970 515 2016 et
529 1943 741 2028 consilium,'in
760 1959 880 2017 senibus
901 1973 962 2018 est:
984 1946 1035 2038 qui
1052 1961 1077 2019 si

121 2053 199 2110 nulli
207 2052 340 2122 fuissent,
349 2054 437 2112 nullae
449 2053 569 2111 omnino
580 2039 713 2111 civitates
723 2067 830 2112 essent.
847 2086 850 2090 ·
863 2055 926 2112 Sed
936 2054 1027 2114 redeo
1039 2056 1077 2114 ad

120 2162 248 2207 mortem
259 2147 489 2227 impendentem.
531 2143 624 2220 Quod
635 2148 709 2232 illud
719 2162 766 2206 est
778 2149 888 2207 crimen
905 2151 1075 2221 senectutis,

121 2266 191 2305 cum
207 2245 280 2302 illud
294 2243 420 2303 videatis
434 2266 503 2304 cum
518 2244 717 2302 adolescentia
732 2263 799 2302 esse
813 2245 988 2302 eommunel
1029 2249 1075 2302 68.

121 2340 210 2399 Sensi
224 2361 282 2418 ego
295 2360 361 2398 cum
375 2339 405 2397 in
420 2340 533 2420 optimo
547 2339 608 2396 filio
626 2359 702 2422 mes,
717 2351 781 2396 tum
794 2338 825 2395 in
842 2338 1021 2415 exspectatis
1038 2337 1076 2395 ad

121 2435 334 2513 amplissimam
349 2434 523 2513 dignitatem
537 2434 676 2492 fratribus
690 2433 758 2504 tuis,
774 2432 886 2511 Scipio,
902 2432 982 2489 omni
996 2432 1075 2490 aetati

120 2543 247 2588 mortem
265 2549 331 2588 esse
352 2551 542 2588 communem
546 2531 637 2589 .-At
655 2541 755 2607 sperat
776 2527 958 2596 adolescens,
973 2527 1026 2584 diu
1042 2547 1074 2584 se

118 2625 284 2683 victurum-c
307 2624 387 2702 quod
401 2645 522 2700 sperare
536 2624 617 2681 idem
631 2643 724 2680 senen
748 2645 807 2694 ιιοιι
820 2635 919 2700 potest
921 2622 1073 2700 —Insrpr

120 2731 205 2777 entsr
218 2731 326 2797 sperat.
367 2717 452 2789 Quid
463 2717 543 2774 enim
557 2717 685 2786 stultius,
697 2737 786 2802 quam
797 2717 910 2776 incerta
919 2737 974 2795 pro
985 2719 1073 2776 certis

117 2813 239 2882 habere,
254 2813 330 2871 falsa
345 2832 400 2891 pro
416 2811 659 2870 seriel—Senex
678 2831 715 2869 ne
732 2812 812 2887 quod
833 2824 935 2890 speret
951 2813 1072 2889 quidem

117 2908 301 2966 habet-At
317 2920 364 2965 est
381 2927 418 2966 eo
435 2899 559 2965 meliors
576 2905 756 2975 conditione,
774 2926 864 2982 quam
882 2906 1071 2979 adolescens3

118 3023 187 3061 cum
197 3003 239 3073 id,
250 3003 331 3081 quod
342 3003 393 3060 ille
404 3014 515 3080 sperat,
526 3003 575 3060 hic
584 3001 649 3079 jam
661 3012 839 3059 consecutus
850 3013 904 3060 est.
944 3001 1001 3059 Ille
1011 3004 1073 3059 vult

118 3097 214 3156 diu
187 3118 306 3157 vivere·
327 3098 376 3156 hio
393 3097 446 3155 diu
462 3096 543 3154 vixit.
594 3095 641 3154 69.
662 3095 906 3174 Quamquam,0
923 3095 965 3153 dii
982 3097 1070 3155 bonil

117 3193 189 3271 quid
201 3205 244 3250 est
255 3193 285 3250 in
296 3191 424 3250 hominis
434 3191 496 3250 vita
505 3191 558 3249 diu
570 3191 581 3250 l
604 3191 642 3250 da
655 3191 735 3249 enim
748 3211 923 3277 supremum
938 3203 1071 3268 tempus.

116 3299 327 3366 exspectemus
337 3287 553 3345 Tartessiorum
564 3287 645 3366 regis
656 3299 787 3344 aetatem:
805 3285 862 3344 fnit
871 3287 917 3364 (ut
930 3285 1071 3362 scriptum

114 3381 222 3460 video)
236 3381 460 3458 Arganthonius
477 3381 596 3458 quidam
611 3381 756 3450 Gadibus,
771 3381 822 3456 qui
840 3379 989 3455 octoginta
1005 3397 1071 3452 reg·

114 3476 198 3536 navit
211 3493 313 3546 annos,
325 3489 444 3534 centum
459 3490 490 3534 et
501 3477 607 3554 viginti
620 3477 702 3534 vixit.
721 3509 722 3513 ι
742 3474 805 3531 Sed
820 3472 944 3529 mihine
959 3471 1085 3527 diutur··‚

114 3589 187 3629 num
202 3569 325 3648 quidem
339 3570 499 3648 quidquam
517 3571 643 3638 videtur,
657 3570 688 3625 in
700 3575 762 3644 'quo
780 3578 826 3622 est
844 3563 956 3640 aliquid
973 3576 1070 3622 extre·
1139 3575 1142 3582 ’

114 3685 208 3724 ιιιιιιιι.
250 3665 330 3723 Cum
348 3666 429 3724 enim
445 3666 476 3725 id
494 3665 622 3732 advenit,
636 3659 708 3720 tunc
724 3659 808 3729 illud,
823 3659 901 3735 quod
918 3658 1070 3737 preteriit,

114 3760 248 3820 effluxit:
270 3773 384 3819 tantum
398 3773 542 3830 remanet,
554 3757 633 3837 quod
644 3756 751 3814 virtute
766 3767 798 3813 et
810 3766 892 3812 recte
905 3753 989 3813 sectis
1003 3774 1071 3814 con·

114 3869 236 3916 secutus
250 3857 299 3915 sis.
341 3857 436 3915 Horae
451 3854 571 3933 quidem
586 3852 704 3922 cedunt,
719 3862 750 3910 et
766 3849 841 3922 dies,
856 3862 886 3909 ot
902 3870 1026 3922 menses,
1041 3863 1071 3911 et

583 3949 608 4004 B
