2698 4508
422 465 494 508 sive
512 465 551 508 ns
570 454 909 511 susurris—oneum
1086 449 1142 514 .-so

194 613 198 620 ’
228 597 300 657 XX.
322 600 370 656 ⁷1.
388 595 432 656 Ut
448 587 541 674 igitur
557 597 654 676 ii,'qui
671 598 786 656 suntin
808 587 944 658 amicitiis
961 601 1141 680 conjunctio·

188 693 293 771 nisque
307 689 532 751 ‘necessitudine
553 693 732 771 superiores,
748 713 905 771 exaequere
927 716 959 755 se
980 717 1047 755 oum
1067 697 1140 758 infe-

188 789 317 847 rioribus
335 788 462 846 debent:
485 788 527 846 sic
546 787 700 846 inferiores
721 809 779 848 non
796 789 909 862 dolere,
924 811 957 850 se
975 812 992 850 e
1010 793 1070 851 suis
1091 808 1142 852 aut

190 883 320 962 ingenio,
344 895 395 940 sut
416 882 541 951 fortune,
564 895 615 940 aut
640 883 783 961 dignitate
810 886 953 963 superari.
1001 888 1141 958 Quorum

189 979 327 1058 plerique
345 991 395 1036 sut
409 990 575 1054 queruntur
591 967 710 1056 semper
727 979 847 1056 aliquid,
863 983 1018 1040 autetiam
1033 1005 1140 1062 expro-

189 1075 292 1132 brent:
315 1094 414 1151 eoque
434 1071 705 1150 megis‚s1hebere
724 1093 756 1132 se
772 1089 885 1165 putant,
904 1078 981 1153 quod
1002 1079 1140 1150 officiose,

189 1183 219 1228 et
237 1170 342 1239 amice,
357 1179 390 1227 et
401 1189 469 1226 cum
483 1168 587 1226 labore
602 1169 701 1246 aliquo
716 1190 769 1228 suo
771 1171 894 1230 fectum
908 1186 1016 1248 queant
1031 1175 1140 1235 dicere.

188 1259 334 1324 Odiosum
344 1285 415 1324 sene
425 1285 520 1342 genus
530 1253 682 1321 hominum
691 1264 789 1323 officie
797 1267 1056 1344 exprobrantium
1074 1292 1141 1347 quae

188 1355 358 1418 meminisse
374 1357 486 1418 debet
477 1380 511 1430 rs,
527 1359 557 1417 in
572 1379 662 1436 quem
677 1361 785 1418 collate
799 1373 875 1430 sunt,
889 1382 948 1419 ιιοιι
963 1383 1140 1423 commemo·

187 1475 264 1524 rure,
279 1451 330 1532 qui
349 1451 480 1513 eontulit.
523 1459 570 1514 72.
588 1454 794 1525 Quamobrem
810 1467 842 1513 ut
860 1457 890 1526 ii,
906 1457 957 1534 qui
972 1459 1141 1535 superiores

189 1542 463 1619 sunt,'summittere
477 1569 510 1607 ss
521 1549 631 1608 debent
641 1549 672 1610 in
687 1551 833 1621 amicitia3
855 1551 898 1609 sic
909 1552 1036 1628 quodam
1052 1555 1141 1614 modo

189 1644 343 1705 inferiores
368 1647 523 1704 extollere.
575 1645 650 1703 Sunt
674 1645 752 1703 enim
776 1646 907 1723 quidam,
930 1649 979 1724 qui
1003 1650 1141 1709 molestas

190 1741 333 1800 amicitias
347 1741 468 1812 faciunt,
480 1759 549 1799 cum
563 1740 621 1819 ipsi
634 1761 666 1799 se
681 1731 831 1800 contemni
845 1755 967 1820 putent:
990 1743 1068 1821 quod
1082 1765 1142 1803 non

188 1835 252 1894 fere
273 1837 425 1915 contingit,
442 1837 500 1895 nisi
516 1829 628 1913 iis,'qui
650 1837 740 1896 etiem
762 1839 993 1897 contemnendos
1013 1861 1046 1898 se
1068 1842 1141 1901 arbi·

188 1944 320 2001 trentur3
338 1929 394 2010 ¹qui
410 1933 467 1991 hae
490 1931 631 2013 opinione
652 1951 713 1989 non
735 1931 824 1990 modo
846 1915 1029 2002 verbissed
1053 1936 1142 1994 etiam

106 2093 109 2099 ,
189 2050 285 2108 opere
301 2029 417 2088 levandi
434 2042 509 2087 sunt.
551 2033 598 2086 73.
621 2028 749 2085 Tantum
768 2029 872 2086 eutem
890 2029 996 2106 cuique
1014 2031 1142 2092 tribuen-

190 2125 261 2183 dum
265 2125 418 2202 ,primum
427 2136 566 2219 quantum
579 2123 644 2200 ipse
659 2121 777 2213 efficere
789 2113 897 2200 possis3
916 2123 1025 2182 deinde
1041 2127 1141 2195 etiem,

189 2233 334 2298 quantum
346 2219 407 2286 ille,
419 2239 507 2326 quem
521 2217 635 2314 diliges
641 2229 730 2293 etque
745 2217 876 2294 adjuves,
887 2218 1039 2278 sustinere.
1072 2221 1142 2279 Non

189 2317 270 2374 enim
295 2328 326 2373 tu
350 2314 454 2393 possis,
473 2314 605 2391 quemvis
629 2313 699 2371 licet
722 2314 863 2383 excellas,
885 2333 989 2372 omnes
1012 2328 1079 2373 tuos
1103 2317 1143 2374 ed

189 2407 319 2468 honores
338 2400 533 2487 amplissimos
553 2408 740 2487 perducere.
767 2421 800 2471 ut
821 2408 975 2486 ScipioP.
988 2409 1142 2488 Rupilium

191 2503 296 2586 potuit
301 2506 455 2564 consulem
469 2504 604 2574 efficere;
622 2504 782 2563 fratrem'
756 2525 820 2582 ejus
832 2504 961 2562 Lucium
972 2523 1029 2562 nou
1040 2506 1142 2583 potuit.

191 2597 283 2674 Quod
293 2600 317 2658 si
328 2601 418 2659 etiem
429 2599 524 2678 possis
534 2599 651 2677 quidvis
661 2599 779 2658 deferre
791 2599 828 2658 sd
838 2601 972 2670 alterum,
980 2601 1143 2660 videndum

191 2710 235 2756 est
245 2681 353 2766 tamen,
363 2695 436 2774 quid
445 2696 495 2752 ille
505 2695 598 2774 possit
608 2695 761 2754 sustinere.
796 2700 843 2753 74.
857 2695 985 2754 Omnino
997 2681 1143 2768 amicitiae',

191 2788 416 2851 corroboratis
402 2811 477 2869 Jam,
495 2791 735 2900 confirmatisque
755 2803 786 2850 et
802 2786 937 2880 ingeniis,
952 2775 983 2850 et
1000 2793 1143 2862 aetetibus,

191 2887 363 2967 judicandae
384 2901 468 2948 sunt.
500 2906 567 2957 nec,
584 2886 609 2944 si
627 2887 677 2966 qui
692 2887 813 2946 ineunte
834 2900 921 2946 aetste
942 2887 1146 2958 consedisset

190 2984 261 3063 pilae
276 2983 399 3042 studiosi
410 2982 529 3052 fuerint,
541 3002 592 3041 eos
603 2983 713 3041 hebere
727 2969 920 3072 necesserios,
932 3003 1005 3060 quos
1019 2997 1082 3041 tum
1097 3003 1145 3041 eo·

192 3077 261 3137 dem
276 3079 374 3136 studio
385 3073 527 3156 praeditos
538 3061 736 3157 dilexerunt.
752 3078 814 3138 Isto
825 3078 904 3137 enim
916 3077 1005 3135 modo
1015 3078 1146 3136 nutrices

192 3187 223 3234 et
238 3169 418 3253 paedegogi'
405 3194 476 3252 jure
485 3167 637 3232 ιοιιιιιιιὶι
647 3161 807 3251 plurimum
817 3171 1034 3231 benevolentiae
1047 3185 1146 3248 postu·

190 3271 312 3328 lebunt:
331 3260 573 3350 'quineglig'endi
584 3259 706 3345 quidem
719 3288 777 3326 non
792 3280 869 3337 sunt,
884 3267 937 3324 sed
952 3267 1008 3324 ulio
1019 3263 1147 3342 quodem

190 3365 296 3423 modo:
324 3364 428 3422 'Aliter
446 3363 583 3422 amicitiae
605 3363 726 3421 stablles
743 3381 919 3440 permanere
940 3381 999 3417 non
1015 3372 1147 3437 possunt.

181 3453 337 3537 ‘D'is'pares
354 3460 433 3516 enim
452 3468 551 3517 mores
568 3458 698 3535 disparis
717 3443 815 3515 studia
834 3467 1006 3530 sequuntur,
1022 3472 1147 3529 quorum

191 3554 403 3614 dissimilitudo
424 3554 564 3613 dissociet
587 3553 749 3610 amicitias:
779 3570 836 3608 nec
858 3549 897 3606 ob
918 3546 1007 3605 eliam
1029 3566 1149 3604 causam

190 3652 284 3711 ullam
293 3651 363 3708 boni
371 3650 527 3729 improbis,
536 3643 666 3728 improbi
674 3647 759 3705 bonis
770 3644 857 3705 amici
870 3663 936 3702 esse
946 3662 1004 3700 non
1014 3656 1149 3720 possunt,

189 3749 251 3809 nist
241 3745 346 3825 quod
360 3759 441 3806 tanta
457 3755 503 3805 'est
515 3747 594 3804 inter
611 3766 672 3814 eos,
687 3755 798 3821 quanta
813 3739 943 3798 maxime
957 3750 1056 3818 potest
1072 3757 1149 3807 esse,

190 3863 312 3906 morum
326 3842 551 3922 studiorumque
563 3839 710 3901 distentia.
752 3842 799 3898 75
818 3836 913 3896 Recte
924 3827 1014 3895 etiem
1026 3831 1151 3914 praeoipi
