2664 4508
279 313 282 318 1
373 343 444 388 eivs
462 343 503 386 DE
521 343 829 387 esseorum-ose.
845 343 890 398 11.,
906 343 952 387 111.
1118 333 1140 392 8

71 521 79 530 .
187 476 327 540 tdmirnri
340 476 443 537 soletis
457 476 538 556 (quae
551 469 666 535 utinard
680 474 771 555 digno
784 489 865 550 emet
878 474 1019 556 opinione
1032 489 1140 551 vostre,

187 587 345 652 nostroque
361 572 536 652 cognomine
546 571 569 649 Ι)
583 571 614 628 in
628 572 685 631 hoc
700 592 803 630 sumus
820 571 980 652 sopientes,
994 573 1141 651 quodlns·

186 669 446 749 turem,optimam
460 668 577 737 ducem,
590 679 744 745 tamquam
761 667 861 737 deum,
875 667 1037 745 sequimur,
1052 669 1142 747 eique

61 806 66 819 .
186 786 344 846 paremus:
373 785 394 824 e
412 785 472 842 que
492 783 552 823 non
562 762 724 842 verisimile
746 764 807 835 est,
821 783 891 822 cum
911 775 1020 823 ceteros
1043 777 1141 843 partes

187 863 282 922 aetstis
292 862 369 920 bene
389 859 541 938 discripte
554 858 620 930 sint,
632 873 803 918 extremum
817 871 925 930 ectum,
936 871 1089 938 temquem
1103 861 1141 919 eb

187 957 275 1014 inerti
285 957 384 1035 poita,
396 976 460 1024 esse
470 957 650 1034 neglectum.
689 955 753 1013 Sed
763 968 863 1014 temen
873 975 998 1014 necesse
1009 955 1064 1014 fuit
1075 975 1142 1015 esso

187 1035 729 1129 eliquidextremum,et,tsmqusmiin
738 1050 878 1110 orborum
887 1051 1143 1130 beccistemeque

186 1148 334 1226 frugibus,
345 1146 515 1218 maturitate
525 1146 702 1232 tempestive
721 1147 805 1228 quqsi
814 1146 928 1224 vietum
942 1159 973 1206 et
985 1147 1143 1219 ceduoom,

157 1282 158 1285 η
188 1240 437 1320 quodforendum
449 1253 495 1298 est
508 1240 636 1301 molliter
648 1241 782 1318 sapienti.
822 1241 1051 1314 Quidestenim
1062 1243 1143 1302 eliud

188 1338 344 1416 gigantum
355 1335 448 1396 inodo
460 1335 575 1393 bellare
592 1353 664 1393 cum
675 1334 741 1405 diis,
754 1335 811 1394 nisi
825 1349 938 1396 nomm
953 1339 1144 1418 repugnarel

227 1437 256 1490 6.
274 1433 409 1521 Luctus.
426 1429 530 1506 Atqui,
540 1429 624 1499 Ceto,
634 1431 836 1508 gratissimum
846 1431 1081 1501 nobis3utetiem
1090 1455 1145 1514 pro

188 1527 330 1606 Scipione
340 1523 616 1610 pollicearifeceris,
627 1525 812 1603 ei,·quonism
825 1547 981 1605 speremus
996 1529 1146 1606 (volumus

188 1624 310 1701 quidem
331 1622 424 1699 certe)
447 1640 535 1680 senes
555 1620 716 1690 flauente
737 1621 832 1680 multo
853 1641 871 1680 s
890 1635 920 1680 te
942 1617 1144 1695 didicerimus,

189 1719 296 1804 quibus
312 1717 455 1776 facillime
472 1715 636 1800 rationibus
652 1716 913 1802 ingravescentem
930 1731 1049 1778 aetetern
1066 1719 1145 1780 serre

189 1815 343 1895 possimus.
805 1821 812 1836 ⁸

230 1910 327 1968 Osro.
347 1907 472 1968 Faciam
488 1889 569 1978 veie,
585 1907 680 1980 Laeli3
702 1908 871 1988 praesertim
892 1909 918 1968 si
934 1909 1054 1988 utrique
1069 1921 1147 1970 veet-

190 2030 267 2080 rum,
280 2023 314 2068 ut
327 2009 411 2079 dicis,
426 2021 544 2086 gratum
559 2007 691 2067 futurum
705 2021 759 2068 est

233 2104 369 2163 Luctus.
385 2104 536 2164 Volumus
556 2123 638 2172 sene,
650 2103 709 2162 nisi
725 2104 883 2164 molestum
903 2116 958 2174 est,
973 2104 1059 2176 Cato,-
1073 2117 1146 2164 tem·

192 2220 282 2278 quem
291 2200 411 2279 longum
421 2199 552 2278 aliquem
560 2198 640 2257 viem
650 2197 824 2268 confeceris,
832 2219 923 2276 quem
933 2199 1021 2259 nobis
1030 2219 1148 2277 quoque

191 2294 418 2376 ingrediendum
432 2293 480 2366 sit,
489 2294 578 2364 istuc,
588 2313 650 2371 quo
664 2292 834 2372 pervenisti,
845 2292 960 2372 ridere,
970 2295 1060 2370 quale
1074 2293 1120 2360 sit.

230 2487 291 2546 III.
312 2491 340 2546 7.
357 2486 456 2545 Osro.
476 2485 611 2557 Faciem,
627 2497 661 2544 ut
683 2495 798 2564 potero,
818 2483 905 2543 Laeli.
955 2483 1045 2564 Saepe
1067 2484 1149 2544 enim

191 2582 313 2641 interfui
325 2582 456 2660 querelis
472 2601 608 2642 meorum
626 2581 785 2658 aequslium
802 2582 905 2659 (peres
922 2592 1031 2651 eutem,
1047 2593 1148 2642 vetere
1174 2649 1179 2658 ¹

189 2677 361 2758 proverbio,
378 2697 448 2736 cum
468 2677 591 2756 peribus
606 2677 747 2735 incinime
768 2677 1010 2755 congregentur),
1028 2698 1095 2756 quae
1111 2678 1148 2738 C.

190 2775 349 2845 Salinator,
358 2794 425 2851 quae
435 2773 488 2853 Sp.
496 2772 636 2843 Albinus,
644 2772 780 2832 homines
791 2772 971 2843 consuleres,
980 2773 1073 2832 nostri
1083 2773 1149 2833 fere

190 2872 331 2949 aequeles,
341 2869 501 2952 deplorare
514 2853 665 2930 soleliont:
682 2881 746 2942 tum
759 2867 841 2947 quod
851 2869 1052 2946 voluptatibus
1067 2889 1148 2928 care·

190 2978 266 3037 rent,
280 2967 344 3026 sine
359 2965 468 3044 quibus
481 2965 573 3026 vitem
585 2965 700 3024 nullom
712 2976 870 3044 putarent3
892 2976 956 3042 tum
970 2965 1051 3042 quod
1065 2985 1148 3044 sper·

190 3076 333 3122 nerentur
347 3062 384 3120 sb
397 3060 444 3131 iis,
458 3079 476 3120 s
489 3061 597 3140 quibus
610 3073 711 3120 essent
724 3060 784 3120 ooli
797 3059 882 3119 soliti.
923 3059 988 3132 Qui
1001 3060 1074 3118 mihi
1085 3077 1147 3120 non

191 3156 223 3215 id
233 3157 409 3218 videbsnmr
423 3143 575 3227 accusare,
585 3156 667 3236 quod
677 3168 757 3216 emet
769 3154 978 3216 accusandum.
1019 3155 1111 3226 Nem,
1122 3157 1148 3215 si

191 3251 224 3312 id
241 3253 331 3331 culpe
351 3252 515 3314 senectutis
536 3252 694 3323 occideret,
714 3251 822 3320 eodem
841 3252 914 3310 mihi
934 3273 992 3312 usu
1012 3252 1148 3311 venirent

191 3346 374 3425 reliquisque
389 3349 525 3408 omnibus
539 3349 701 3428 majoribus
713 3362 807 3421 nstn3
827 3367 955 3426 quorum
969 3367 1027 3424 ego
1041 3348 1147 3405 multo·

188 3463 259 3501 rum
273 3443 596 3521 cognoriseneotutem
609 3445 673 3504 sine
686 3445 819 3521 querele,
833 3441 885 3520 qui
898 3462 931 3516 se
945 3453 976 3499 et
988 3439 1145 3500 libidinum

190 3529 318 3598 vinculis
330 3523 444 3600 laxetis
457 3561 522 3612 esse
536 3561 596 3602 non
609 3541 738 3600 moleste
746 3525 867 3609 fouent,
877 3555 934 3594 uec
948 3554 967 3593 e
978 3533 1039 3593 suis
1048 3534 1146 3617 despi-

191 3647 340 3696 cerentur.
381 3635 444 3696 Sed
453 3636 587 3697 omnium
596 3630 761 3695 istiusmodi
771 3630 961 3708 querelarum
971 3629 1002 3688 in
1015 3631 1147 3693 moribus

190 3747 236 3796 cst
251 3734 349 3814 culpe,
362 3754 421 3796 non
433 3733 465 3796 in
481 3745 578 3795 aetste.
617 3726 768 3792 Moderati
781 3725 874 3800 enim,
886 3738 917 3787 et
929 3746 987 3788 nec
999 3725 1145 3802 difficiles,
