2664 4508
221 439 264 497 44
422 479 425 486 .
494 452 528 493 rs.
544 453 576 495 r.
592 452 755 494 cressonis
773 451 904 504 caurus,
969 487 973 496 .

221 582 352 661 Pylades
372 582 509 640 Orestem
529 603 561 640 se
583 603 647 642 esse
665 582 787 651 diceret,
801 594 834 640 ut
854 601 910 660 pro
924 580 979 660 „illo
998 594 1170 652 necaretur;

220 678 341 736 Orestes
359 690 466 746 autem,
481 677 523 734 ita
537 690 569 735 ut
586 690 658 747 erat,
672 677 809 736 Orestem
825 696 858 734 se
875 694 942 735 esse
957 689 1170 755 perseveraret.

220 773 338 829 Stantes
359 770 542 850 plaudebant
558 771 587 828 in
608 791 642 830 re
659 772 743 830 ficta:
765 770 836 848 quid
855 771 1032 830 arbitramur
1048 770 1079 828 in
1099 789 1172 828 vera

218 866 309 925 fnisse
326 866 474 925 facturosl
515 867 618 926 Facile
635 867 784 925 indicabat
800 867 866 944 ipsa
881 879 986 925 natura
1001 866 1061 924 viru
1078 885 1171 934 suam,

218 981 288 1018 cum
300 961 444 1030 homines,
459 961 539 1038 quod
552 961 654 1020 facere
666 947 725 1040 ipsi
741 982 802 1020 non
817 974 947 1040 possent,
962 961 993 1018 id
1008 973 1090 1018 recte
1105 960 1172 1019 fieri

217 1055 248 1112 in
266 1056 358 1114 altero
370 1055 550 1134 judicarent
590 1057 745 1115 Hactenus
765 1056 838 1114 mihi
854 1055 966 1125 videor,
981 1056 1020 1113 de
1041 1056 1172 1114 amicitie

217 1150 290 1226 quid
299 1151 447 1226 sentirem,
458 1151 589 1229 potuisse
598 1151 714 1210 dIcere:
733 1151 757 1209 si
766 1157 981 1230 quapraeterea
991 1164 1057 1209 sunt
1066 1152 1172 1230 (credo

218 1239 325 1304 autern*
336 1264 402 1304 esse
419 1247 537 1323 multa),
551 1247 649 1317 abiis,
664 1247 689 1306 si
702 1246 860 1318 videbitur,
875 1247 926 1324 qui
940 1247 997 1306 ista
1013 1248 1172 1326 disputant,

219 1340 382 1416 quaeritote.
1168 1357 1170 1365 “

258 1441 307 1495 25.
324 1437 474 1495 Fanurns.
495 1437 561 1495 Nos
575 1449 677 1496 autem
688 1458 705 1495 a
716 1450 746 1494 te
757 1437 872 1514 potius:
890 1457 1070 1514 quamquam
1080 1437 1171 1496 etiam

218 1530 256 1587 ub
268 1530 330 1588 istis
347 1550 427 1607 saepe
440 1531 564 1607 quaesivi
578 1543 608 1587 et
623 1531 731 1598 audivi,
743 1550 802 1587 non
817 1531 926 1588 invitus
939 1528 1096 1607 equidem:
1119 1533 1173 1592 sed

217 1623 299 1680 uliud
313 1622 462 1698 quoddaln
477 1624 560 1681 filum
575 1624 716 1684 orationis
730 1637 800 1682 tuae.

257 1715 415 1774 Scscvons.
441 1716 520 1776 Tum
544 1717 637 1794 magis
661 1717 692 1774 id
712 1717 836 1788 diceres,
854 1719 960 1788 Fanni,
980 1719 1005 1777 si
1025 1740 1119 1798 nuper
1140 1721 1172 1780 iu

216 1810 309 1869 hortis
327 1809 487 1889 Scipionis,
502 1829 570 1880 cum
587 1824 633 1869 est
649 1811 688 1870 de
705 1812 874 1889 Republica
890 1813 1082 1892 disputatum,
1097 1817 1171 1875 affu-

216 1904 308 1964 isses:
331 1905 427 1982 qualis
444 1917 507 1962 tum
520 1918 662 1983 patronus
672 1891 796 1985 justitiae
809 1907 866 1966 fuit
882 1922 986 1968 contra
1003 1924 1172 1970 accuratam

217 2000 382 2058 orationem
397 1999 495 2059 Philil
515 2007 517 2012 '
580 2035 581 2044 κ
1122 1987 1124 1990 ¹

255 2096 408 2154 Firmus.
426 2094 531 2154 Facile
541 2094 572 2152 id
581 2095 702 2173 quidem
712 2096 767 2156 fuit
775 2098 922 2177 justitIam
931 2101 1098 2180 justissimo
1106 2103 1170 2163 viro

216 2189 389 2249 defendere.
550 2200 552 2204 ’

258 2286 412 2345 Sciamus.
434 2287 519 2359 Quid
531 2287 709 2349 amicitiaml
726 2310 823 2350 noune
837 2292 925 2352 facile
939 2294 976 2364 ei,
987 2296 1038 2372 qui
1049 2295 1088 2354 ob
1102 2317 1170 2359 eum

217 2402 333 2441 summa
357 2383 427 2453 fide,
445 2384 619 2454 constantia,
632 2386 809 2464 justitiaque
836 2404 992 2461 servatam,
1009 2391 1170 2452 maximam

138 2528 141 2539 ,
217 2478 343 2556 gloriam
357 2478 490 2557 ceperitl

218 2717 220 2724 ,
255 2667 346 2724 VIII.
368 2672 416 2726 26.
433 2667 567 2728 Lamus.
585 2670 657 2729 Vim
668 2673 725 2730 hoc
736 2672 857 2749 quidem
870 2687 916 2734 est
927 2676 1046 2738 afferre!
1085 2678 1171 2750 Quid

216 2762 296 2820 enirn
308 2762 475 2840 refertque
486 2785 535 2823 me
548 2766 664 2846 ratione
675 2769 807 2845 cogatis‘l
844 2769 961 2848 Cogitis
975 2785 1063 2831 certe.
1101 2775 1170 2832 Stu-

217 2858 272 2916 diis
290 2858 369 2916 enim
390 2879 578 2936 generorum,
593 2862 757 2941 praesertim
774 2865 804 2922 in
821 2885 854 2923 re
868 2867 953 2936 bona,
969 2887 1036 2926 cum
1050 2868 1170 2928 difficile

217 2966 271 3023 est,
285 2967 348 3012 turn
365 2949 410 3012 ne'
421 2955 540 3032 aequum
554 2957 687 3033 quidem,
701 2959 852 3018 obsistere.
875 3005 877 3010 ,
894 2961 1065 3040 Saepissime
1078 2963 1171 3042 igitur

217 3049 300 3120 mihi,
314 3049 352 3108 de
369 3049 499 3108 amicitia
516 3052 673 3130 cogitanti,¹
683 3055 812 3113 maxime
829 3055 903 3114 illud
920 3058 1171 3119 considerandum

216 3135 312 3203 videri
328 3146 413 3216 solet,
427 3158 528 3204 utrum
543 3161 667 3227 propter
682 3149 915 3210 imbecillitatem
933 3165 1022 3230 atque
1040 3153 1171 3233 inopium

218 3239 386 3298 desiderata
395 3241 433 3299 sit
445 3241 586 3316 amicitia;
605 3257 637 3302 ut
644 3244 675 3301 in
685 3243 789 3304 dandis
797 3247 1038 3326 recipiendisque
1048 3251 1171 3320 meritis,

219 3333 440 3413 quod'quisque
462 3336 558 3396 minus
578 3359 685 3416 perse
705 3340 770 3418 ipse
790 3356 900 3420 posset,
914 3343 945 3401 id
963 3344 1114 3424 acciperet
1134 3345 1171 3405 ab

219 3431 285 3499 alio,
294 3431 480 3509 vicissimque
489 3429 651 3506 redderet}
674 3455 711 3493 an
723 3449 805 3509 ,esset
814 3438 871 3510 hoo
882 3438 1004 3516 quidem
1015 3440 1171 3519 'proprium

219 3522 365 3596 amicitiae,
383 3527 437 3585 sed
459 3527 615 3606 antiquior,
632 3543 663 3588 et
677 3529 844 3610 pulchrior,
863 3545 893 3592 et
913 3535 1008 3612 magis
1029 3555 1047 3594 a
1066 3548 1174 3595 natura

217 3619 283 3699 ipsa
300 3621 436 3700 profecta
457 3623 515 3682 alie
535 3627 646 3685 causel
686 3628 782 3685 Amor
802 3628 890 3699 enim,
908 3650 947 3688 ex
965 3651 1023 3707 quo
1045 3630 1173 3689 amicitia

218 3716 375 3784 nominata,
390 3718 528 3796 princeps
546 3733 590 3779 est
609 3721 646 3779 ad
662 3723 901 3783 benevolentiam
921 3725 1172 3804 conjungendam.

193 3821 200 3838 ·
219 3811 301 3870 Nam
316 3811 455 3872 utilitates
466 3813 586 3891 quidem
601 3815 690 3875 etiam
705 3818 743 3882 ab
754 3817 789 3877 iis
799 3819 1005 3897 percipiuntur
1017 3839 1108 3898 saepe,
1120 3821 1173 3898 qui
