<?xml version="1.0" encoding="UTF-8"?>
<!DOCTYPE html PUBLIC "-//W3C//DTD XHTML 1.0 Transitional//EN"
    "http://www.w3.org/TR/xhtml1/DTD/xhtml1-transitional.dtd">
<html xmlns="http://www.w3.org/1999/xhtml" xml:lang="en" lang="en">
 <head>
  <title>
</title>
<meta http-equiv="Content-Type" content="text/html;charset=utf-8" />
  <meta name='ocr-system' content='tesseract 3.04.00' />
  <meta name='ocr-capabilities' content='ocr_page ocr_carea ocr_par ocr_line ocrx_word'/>
</head>
<body>
  <div class='ocr_page' id='page_1' title='image "./desenectutedeam00anthgoog_0134.png"; bbox 0 0 2698 4508; ppageno 0'>
   <div class='ocr_carea' id='block_1_1' title="bbox 492 445 1148 521">
    <p class='ocr_par' dir='ltr' id='par_1_1' title="bbox 492 445 1148 521">
     <span class='ocr_line' id='line_1_1' title="bbox 492 445 1148 521; baseline 0.006 -13"><span class='ocrx_word' id='word_1_1' title='bbox 492 467 856 521; x_wconf 79' lang='grc'>1111111.-111.1.,111.</span> <span class='ocrx_word' id='word_1_2' title='bbox 1075 445 1148 514; x_wconf 79' lang='lat'><em>&#39;111</em></span> 
     </span>
    </p>
   </div>
   <div class='ocr_carea' id='block_1_2' title="bbox 190 597 1153 3245">
    <p class='ocr_par' dir='ltr' id='par_1_2' title="bbox 190 597 1153 3245">
     <span class='ocr_line' id='line_1_2' title="bbox 238 597 1151 662; baseline 0.003 -4"><span class='ocrx_word' id='word_1_3' title='bbox 238 601 278 658; x_wconf 91' lang='lat' dir='ltr'><strong>X.</strong></span> <span class='ocrx_word' id='word_1_4' title='bbox 300 599 453 658; x_wconf 79' lang='lat' dir='ltr'>Conversa</span> <span class='ocrx_word' id='word_1_5' title='bbox 467 597 566 658; x_wconf 90' lang='lat' dir='ltr'><strong>subito</strong></span> <span class='ocrx_word' id='word_1_6' title='bbox 580 598 698 658; x_wconf 83' lang='lat' dir='ltr'><strong>fortune</strong></span> <span class='ocrx_word' id='word_1_7' title='bbox 711 611 764 658; x_wconf 91' lang='lat' dir='ltr'><strong>est.</strong></span> <span class='ocrx_word' id='word_1_8' title='bbox 804 599 848 658; x_wconf 92' lang='lat' dir='ltr'><strong>Ut</strong></span> <span class='ocrx_word' id='word_1_9' title='bbox 857 600 1004 660; x_wconf 84' lang='lat' dir='ltr'><strong>Antonius</strong></span> <span class='ocrx_word' id='word_1_10' title='bbox 1018 601 1106 662; x_wconf 88' lang='lat' dir='ltr'><strong>rediit</strong></span> <span class='ocrx_word' id='word_1_11' title='bbox 1119 602 1151 661; x_wconf 89' lang='grc'><strong>11</strong></span> 
     </span>
     <span class='ocr_line' id='line_1_3' title="bbox 199 693 1153 774; baseline 0.004 -22"><span class='ocrx_word' id='word_1_12' title='bbox 199 693 325 763; x_wconf 87' lang='lat' dir='ltr'><strong>Italiam,</strong></span> <span class='ocrx_word' id='word_1_13' title='bbox 343 713 432 751; x_wconf 90' lang='lat' dir='ltr'><strong>nemo</strong></span> <span class='ocrx_word' id='word_1_14' title='bbox 456 713 515 750; x_wconf 87' lang='lat' dir='ltr'><strong>nou</strong></span> <span class='ocrx_word' id='word_1_15' title='bbox 538 695 699 772; x_wconf 87' lang='lat' dir='ltr'><strong>magnoin</strong></span> <span class='ocrx_word' id='word_1_16' title='bbox 722 694 858 772; x_wconf 86' lang='lat' dir='ltr'><strong>periculo</strong></span> <span class='ocrx_word' id='word_1_17' title='bbox 877 695 1011 754; x_wconf 86' lang='lat' dir='ltr'><strong>Atticum</strong></span> <span class='ocrx_word' id='word_1_18' title='bbox 1032 709 1153 774; x_wconf 83' lang='lat' dir='ltr'><strong>putarat</strong></span> 
     </span>
     <span class='ocr_line' id='line_1_4' title="bbox 197 787 1148 867; baseline 0.005 -22"><span class='ocrx_word' id='word_1_19' title='bbox 197 801 319 867; x_wconf 88' lang='lat' dir='ltr'><strong>propter</strong></span> <span class='ocrx_word' id='word_1_20' title='bbox 335 787 469 846; x_wconf 83' lang='lat' dir='ltr'><strong>intimam</strong></span> <span class='ocrx_word' id='word_1_21' title='bbox 484 787 714 847; x_wconf 79' lang='lat' dir='ltr'><strong>familiaritatem</strong></span> <span class='ocrx_word' id='word_1_22' title='bbox 731 789 886 848; x_wconf 82' lang='lat' dir='ltr'><strong>Ciceronis</strong></span> <span class='ocrx_word' id='word_1_23' title='bbox 907 801 937 848; x_wconf 89' lang='lat' dir='ltr'><strong>et</strong></span> <span class='ocrx_word' id='word_1_24' title='bbox 953 791 1048 849; x_wconf 87' lang='lat' dir='ltr'><strong>Bruti.</strong></span> <span class='ocrx_word' id='word_1_25' title='bbox 1089 792 1148 850; x_wconf 88' lang='lat' dir='ltr'><strong>Ita·</strong></span> 
     </span>
     <span class='ocr_line' id='line_1_5' title="bbox 196 883 1148 962; baseline 0.002 -19"><span class='ocrx_word' id='word_1_26' title='bbox 196 905 255 962; x_wconf 93' lang='lat' dir='ltr'><strong>que</strong></span> <span class='ocrx_word' id='word_1_27' title='bbox 269 884 307 942; x_wconf 87' lang='lat' dir='ltr'><strong>ad</strong></span> <span class='ocrx_word' id='word_1_28' title='bbox 321 883 478 942; x_wconf 87' lang='lat' dir='ltr'><strong>adventum</strong></span> <span class='ocrx_word' id='word_1_29' title='bbox 492 883 707 962; x_wconf 84' lang='lat' dir='ltr'><strong>imperatorum</strong></span> <span class='ocrx_word' id='word_1_30' title='bbox 721 883 759 946; x_wconf 92' lang='lat' dir='ltr'><strong>de</strong></span> <span class='ocrx_word' id='word_1_31' title='bbox 775 883 841 942; x_wconf 82' lang='lat' dir='ltr'><strong>foro</strong></span> <span class='ocrx_word' id='word_1_32' title='bbox 854 884 1030 956; x_wconf 78' lang='lat' dir='ltr'><strong>decesserat,</strong></span> <span class='ocrx_word' id='word_1_33' title='bbox 1041 885 1148 946; x_wconf 89' lang='lat' dir='ltr'><strong>timens</strong></span> 
     </span>
     <span class='ocr_line' id='line_1_6' title="bbox 195 978 1148 1057; baseline 0.006 -22"><span class='ocrx_word' id='word_1_34' title='bbox 195 978 450 1057; x_wconf 84' lang='lat' dir='ltr'><strong>proscriptionem,</strong></span> <span class='ocrx_word' id='word_1_35' title='bbox 471 978 640 1056; x_wconf 86' lang='lat' dir='ltr'><strong>latebatque</strong></span> <span class='ocrx_word' id='word_1_36' title='bbox 662 978 741 1057; x_wconf 86' lang='lat' dir='ltr'><strong>epud</strong></span> <span class='ocrx_word' id='word_1_37' title='bbox 758 979 794 1038; x_wconf 90' lang='lat' dir='ltr'><strong>P.</strong></span> <span class='ocrx_word' id='word_1_38' title='bbox 807 979 1013 1051; x_wconf 87' lang='lat' dir='ltr'><strong>Volumnium,</strong></span> <span class='ocrx_word' id='word_1_39' title='bbox 1036 982 1094 1052; x_wconf 90' lang='lat' dir='ltr'><strong>cui,</strong></span> <span class='ocrx_word' id='word_1_40' title='bbox 1115 994 1148 1041; x_wconf 86' lang='lat' dir='ltr'><strong>ut</strong></span> 
     </span>
     <span class='ocr_line' id='line_1_7' title="bbox 197 1073 1146 1152; baseline 0.003 -20"><span class='ocrx_word' id='word_1_41' title='bbox 197 1073 389 1142; x_wconf 85' lang='lat' dir='ltr'><strong>ostendimus,</strong></span> <span class='ocrx_word' id='word_1_42' title='bbox 405 1073 505 1150; x_wconf 88' lang='lat' dir='ltr'><strong>paullo</strong></span> <span class='ocrx_word' id='word_1_43' title='bbox 528 1087 596 1132; x_wconf 89' lang='lat' dir='ltr'><strong>ante</strong></span> <span class='ocrx_word' id='word_1_44' title='bbox 618 1095 707 1152; x_wconf 89' lang='lat' dir='ltr'><strong>opem</strong></span> <span class='ocrx_word' id='word_1_45' title='bbox 730 1076 838 1132; x_wconf 87' lang='lat' dir='ltr'><strong>tulerat</strong></span> <span class='ocrx_word' id='word_1_46' title='bbox 860 1076 952 1150; x_wconf 83' lang='lat' dir='ltr'><strong>(tenta</strong></span> <span class='ocrx_word' id='word_1_47' title='bbox 967 1076 1093 1136; x_wconf 87' lang='lat' dir='ltr'><strong>varietas</strong></span> <span class='ocrx_word' id='word_1_48' title='bbox 1110 1077 1146 1135; x_wconf 85' lang='lat' dir='ltr'><strong>iis</strong></span> 
     </span>
     <span class='ocr_line' id='line_1_8' title="bbox 195 1164 1146 1248; baseline 0.006 -22"><span class='ocrx_word' id='word_1_49' title='bbox 195 1164 381 1246; x_wconf 85' lang='lat' dir='ltr'><strong>temporibus</strong></span> <span class='ocrx_word' id='word_1_50' title='bbox 394 1167 598 1238; x_wconf 71' lang='grc'>1111011111,</span> <span class='ocrx_word' id='word_1_51' title='bbox 612 1181 644 1226; x_wconf 88' lang='lat' dir='ltr'><strong>ut</strong></span> <span class='ocrx_word' id='word_1_52' title='bbox 661 1167 748 1226; x_wconf 89' lang='lat' dir='ltr'><strong>modo</strong></span> <span class='ocrx_word' id='word_1_53' title='bbox 763 1169 805 1237; x_wconf 92' lang='lat' dir='ltr'><strong>hi,</strong></span> <span class='ocrx_word' id='word_1_54' title='bbox 819 1169 909 1248; x_wconf 86' lang='lat' dir='ltr'><strong>modo</strong></span> <span class='ocrx_word' id='word_1_55' title='bbox 923 1170 967 1228; x_wconf 90' lang='lat' dir='ltr'><strong>illi</strong></span> <span class='ocrx_word' id='word_1_56' title='bbox 981 1173 1012 1228; x_wconf 88' lang='lat' dir='ltr'><strong>in</strong></span> <span class='ocrx_word' id='word_1_57' title='bbox 1031 1192 1146 1232; x_wconf 90' lang='lat' dir='ltr'><strong>summo</strong></span> 
     </span>
     <span class='ocr_line' id='line_1_9' title="bbox 194 1262 1146 1341; baseline 0.004 -21"><span class='ocrx_word' id='word_1_58' title='bbox 194 1275 294 1321; x_wconf 87' lang='grc'>111111</span> <span class='ocrx_word' id='word_1_59' title='bbox 314 1275 366 1320; x_wconf 89' lang='lat' dir='ltr'><strong>aut</strong></span> <span class='ocrx_word' id='word_1_60' title='bbox 381 1262 508 1340; x_wconf 84' lang='lat' dir='ltr'><strong>fastigio,</strong></span> <span class='ocrx_word' id='word_1_61' title='bbox 523 1276 575 1321; x_wconf 90' lang='lat' dir='ltr'><strong>aut</strong></span> <span class='ocrx_word' id='word_1_62' title='bbox 591 1263 738 1341; x_wconf 86' lang='lat' dir='ltr'><strong>periculo)</strong></span> <span class='ocrx_word' id='word_1_63' title='bbox 745 1267 757 1322; x_wconf 76' lang='grc' dir='ltr'><strong>ἐ</strong></span> <span class='ocrx_word' id='word_1_64' title='bbox 780 1263 968 1341; x_wconf 85' lang='lat' dir='ltr'><strong>habebatque</strong></span> <span class='ocrx_word' id='word_1_65' title='bbox 988 1285 1090 1324; x_wconf 86' lang='lat' dir='ltr'><strong>secum</strong></span> <span class='ocrx_word' id='word_1_66' title='bbox 1105 1268 1146 1339; x_wconf 83' lang='lat' dir='ltr'><strong>Q.</strong></span> 
     </span>
     <span class='ocr_line' id='line_1_10' title="bbox 194 1357 1145 1437; baseline 0.005 -23"><span class='ocrx_word' id='word_1_67' title='bbox 194 1358 331 1415; x_wconf 83' lang='lat' dir='ltr'><strong>Gellium</strong></span> <span class='ocrx_word' id='word_1_68' title='bbox 343 1357 468 1427; x_wconf 84' lang='lat' dir='ltr'><strong>Cenum,</strong></span> <span class='ocrx_word' id='word_1_69' title='bbox 480 1359 626 1434; x_wconf 84' lang='lat' dir='ltr'><strong>aequalem</strong></span> <span class='ocrx_word' id='word_1_70' title='bbox 640 1357 879 1434; x_wconf 91' lang='lat' dir='ltr'><strong>simillimumque</strong></span> <span class='ocrx_word' id='word_1_71' title='bbox 894 1359 948 1417; x_wconf 91' lang='lat' dir='ltr'><strong>sui.</strong></span> <span class='ocrx_word' id='word_1_72' title='bbox 988 1360 1060 1418; x_wconf 88' lang='lat' dir='ltr'><strong>Hoc</strong></span> <span class='ocrx_word' id='word_1_73' title='bbox 1074 1381 1145 1437; x_wconf 90' lang='lat' dir='ltr'><strong>quo·</strong></span> 
     </span>
     <span class='ocr_line' id='line_1_11' title="bbox 194 1452 1146 1531; baseline 0.004 -21"><span class='ocrx_word' id='word_1_74' title='bbox 194 1473 254 1530; x_wconf 87' lang='lat' dir='ltr'><strong>que</strong></span> <span class='ocrx_word' id='word_1_75' title='bbox 275 1452 312 1510; x_wconf 89' lang='lat' dir='ltr'><strong>sit</strong></span> <span class='ocrx_word' id='word_1_76' title='bbox 328 1452 421 1510; x_wconf 89' lang='lat' dir='ltr'><strong>Attici</strong></span> <span class='ocrx_word' id='word_1_77' title='bbox 438 1452 574 1511; x_wconf 77' lang='lat' dir='ltr'><strong>bonitatis</strong></span> <span class='ocrx_word' id='word_1_78' title='bbox 598 1454 779 1530; x_wconf 88' lang='lat' dir='ltr'><strong>exemplum,</strong></span> <span class='ocrx_word' id='word_1_79' title='bbox 797 1453 876 1530; x_wconf 91' lang='lat' dir='ltr'><strong>quod</strong></span> <span class='ocrx_word' id='word_1_80' title='bbox 897 1473 966 1512; x_wconf 90' lang='lat' dir='ltr'><strong>cum</strong></span> <span class='ocrx_word' id='word_1_81' title='bbox 990 1475 1038 1525; x_wconf 88' lang='lat' dir='ltr'><strong>eo,</strong></span> <span class='ocrx_word' id='word_1_82' title='bbox 1057 1475 1146 1531; x_wconf 90' lang='lat' dir='ltr'><strong>quem</strong></span> 
     </span>
     <span class='ocr_line' id='line_1_12' title="bbox 192 1547 1147 1634; baseline 0.005 -29"><span class='ocrx_word' id='word_1_83' title='bbox 192 1568 321 1626; x_wconf 86' lang='lat' dir='ltr'><strong>puerum</strong></span> <span class='ocrx_word' id='word_1_84' title='bbox 341 1547 459 1606; x_wconf 88' lang='lat' dir='ltr'><strong>inludo</strong></span> <span class='ocrx_word' id='word_1_85' title='bbox 480 1561 668 1627; x_wconf 81' lang='lat' dir='ltr'><strong>cognoverat,</strong></span> <span class='ocrx_word' id='word_1_86' title='bbox 687 1549 762 1607; x_wconf 90' lang='lat' dir='ltr'><strong>adeo</strong></span> <span class='ocrx_word' id='word_1_87' title='bbox 782 1549 939 1628; x_wconf 88' lang='lat' dir='ltr'><strong>conjuncte</strong></span> <span class='ocrx_word' id='word_1_88' title='bbox 956 1550 1040 1620; x_wconf 87' lang='lat' dir='ltr'><strong>vixit,</strong></span> <span class='ocrx_word' id='word_1_89' title='bbox 1056 1563 1088 1634; x_wconf 87' lang='lat' dir='ltr'><strong>ut</strong></span> <span class='ocrx_word' id='word_1_90' title='bbox 1109 1552 1147 1610; x_wconf 92' lang='lat' dir='ltr'><strong>ad</strong></span> 
     </span>
     <span class='ocr_line' id='line_1_13' title="bbox 192 1643 1146 1733; baseline 0.002 -31"><span class='ocrx_word' id='word_1_91' title='bbox 192 1657 361 1702; x_wconf 85' lang='lat' dir='ltr'><strong>extremam</strong></span> <span class='ocrx_word' id='word_1_92' title='bbox 383 1656 503 1733; x_wconf 67' lang='lat' dir='ltr'><strong>petatem</strong></span> <span class='ocrx_word' id='word_1_93' title='bbox 528 1643 657 1702; x_wconf 79' lang='lat' dir='ltr'><strong>amicitie</strong></span> <span class='ocrx_word' id='word_1_94' title='bbox 681 1665 784 1702; x_wconf 89' lang='lat' dir='ltr'><strong>eorum</strong></span> <span class='ocrx_word' id='word_1_95' title='bbox 809 1646 945 1705; x_wconf 87' lang='lat' dir='ltr'><strong>creverit.</strong></span> <span class='ocrx_word' id='word_1_96' title='bbox 998 1647 1146 1705; x_wconf 87' lang='lat' dir='ltr'><strong>Antonius</strong></span> 
     </span>
     <span class='ocr_line' id='line_1_14' title="bbox 193 1738 1146 1811; baseline 0 -11"><span class='ocrx_word' id='word_1_97' title='bbox 193 1751 305 1808; x_wconf 85' lang='lat' dir='ltr'><strong>autem,</strong></span> <span class='ocrx_word' id='word_1_98' title='bbox 327 1739 382 1798; x_wconf 90' lang='lat' dir='ltr'><strong>etsi</strong></span> <span class='ocrx_word' id='word_1_99' title='bbox 402 1751 481 1797; x_wconf 84' lang='lat' dir='ltr'><strong>tento</strong></span> <span class='ocrx_word' id='word_1_100' title='bbox 505 1738 574 1798; x_wconf 92' lang='lat' dir='ltr'><strong>odio</strong></span> <span class='ocrx_word' id='word_1_101' title='bbox 596 1739 747 1798; x_wconf 85' lang='lat' dir='ltr'><strong>ferebatur</strong></span> <span class='ocrx_word' id='word_1_102' title='bbox 768 1739 798 1798; x_wconf 87' lang='lat' dir='ltr'><strong>in</strong></span> <span class='ocrx_word' id='word_1_103' title='bbox 821 1740 1009 1811; x_wconf 84' lang='lat' dir='ltr'><strong>Ciceronem,</strong></span> <span class='ocrx_word' id='word_1_104' title='bbox 1031 1754 1063 1800; x_wconf 90' lang='lat' dir='ltr'><strong>ut</strong></span> <span class='ocrx_word' id='word_1_105' title='bbox 1086 1762 1146 1800; x_wconf 87' lang='lat' dir='ltr'><strong>non</strong></span> 
     </span>
     <span class='ocr_line' id='line_1_15' title="bbox 193 1834 1144 1913; baseline 0.001 -19"><span class='ocrx_word' id='word_1_106' title='bbox 193 1837 292 1894; x_wconf 88' lang='lat' dir='ltr'><strong>solum</strong></span> <span class='ocrx_word' id='word_1_107' title='bbox 313 1835 350 1904; x_wconf 92' lang='lat' dir='ltr'><strong>ei,</strong></span> <span class='ocrx_word' id='word_1_108' title='bbox 365 1834 419 1892; x_wconf 89' lang='lat' dir='ltr'><strong>sed</strong></span> <span class='ocrx_word' id='word_1_109' title='bbox 436 1835 572 1893; x_wconf 89' lang='lat' dir='ltr'><strong>omnibus</strong></span> <span class='ocrx_word' id='word_1_110' title='bbox 589 1835 679 1893; x_wconf 86' lang='lat' dir='ltr'><strong>etiam</strong></span> <span class='ocrx_word' id='word_1_111' title='bbox 697 1836 881 1913; x_wconf 83' lang='lat' dir='ltr'><strong>ejusamicis</strong></span> <span class='ocrx_word' id='word_1_112' title='bbox 902 1850 982 1896; x_wconf 87' lang='lat' dir='ltr'><strong>esset</strong></span> <span class='ocrx_word' id='word_1_113' title='bbox 998 1837 1144 1907; x_wconf 86' lang='lat' dir='ltr'><strong>inimicus,</strong></span> 
     </span>
     <span class='ocr_line' id='line_1_16' title="bbox 192 1930 1147 2008; baseline 0.001 -20"><span class='ocrx_word' id='word_1_114' title='bbox 192 1950 304 2006; x_wconf 87' lang='lat' dir='ltr'><strong>eosque</strong></span> <span class='ocrx_word' id='word_1_115' title='bbox 318 1932 410 1989; x_wconf 89' lang='lat' dir='ltr'><strong>vellet</strong></span> <span class='ocrx_word' id='word_1_116' title='bbox 422 1931 616 2008; x_wconf 87' lang='lat' dir='ltr'><strong>proscribere,</strong></span> <span class='ocrx_word' id='word_1_117' title='bbox 630 1930 729 1988; x_wconf 90' lang='lat' dir='ltr'><strong>multis</strong></span> <span class='ocrx_word' id='word_1_118' title='bbox 742 1931 926 1990; x_wconf 82' lang='lat' dir='ltr'><strong>hortantibus</strong></span> <span class='ocrx_word' id='word_1_119' title='bbox 940 1945 1039 1990; x_wconf 86' lang='lat' dir='ltr'><strong>temen</strong></span> <span class='ocrx_word' id='word_1_120' title='bbox 1052 1932 1147 1992; x_wconf 89' lang='lat' dir='ltr'><strong>Attici</strong></span> 
     </span>
     <span class='ocr_line' id='line_1_17' title="bbox 191 2025 1146 2101; baseline 0 -17"><span class='ocrx_word' id='word_1_121' title='bbox 191 2044 310 2084; x_wconf 82' lang='lat' dir='ltr'><strong>memor</strong></span> <span class='ocrx_word' id='word_1_122' title='bbox 325 2025 382 2084; x_wconf 86' lang='lat' dir='ltr'><strong>fuit</strong></span> <span class='ocrx_word' id='word_1_123' title='bbox 398 2025 495 2094; x_wconf 90' lang='lat' dir='ltr'><strong>officii,</strong></span> <span class='ocrx_word' id='word_1_124' title='bbox 510 2038 541 2082; x_wconf 90' lang='lat' dir='ltr'><strong>et</strong></span> <span class='ocrx_word' id='word_1_125' title='bbox 558 2025 596 2094; x_wconf 89' lang='lat' dir='ltr'><strong>ei,</strong></span> <span class='ocrx_word' id='word_1_126' title='bbox 611 2045 703 2101; x_wconf 87' lang='lat' dir='ltr'><strong>quum</strong></span> <span class='ocrx_word' id='word_1_127' title='bbox 724 2026 897 2101; x_wconf 79' lang='lat' dir='ltr'><strong>requisisset</strong></span> <span class='ocrx_word' id='word_1_128' title='bbox 918 2027 1041 2085; x_wconf 86' lang='lat' dir='ltr'><strong>ubinam</strong></span> <span class='ocrx_word' id='word_1_129' title='bbox 1058 2039 1146 2097; x_wconf 87' lang='grc'>11111,</span> 
     </span>
     <span class='ocr_line' id='line_1_18' title="bbox 190 2119 1146 2196; baseline 0.001 -17"><span class='ocrx_word' id='word_1_130' title='bbox 190 2141 248 2179; x_wconf 85' lang='grc'><strong>111</strong></span> <span class='ocrx_word' id='word_1_131' title='bbox 261 2120 490 2196; x_wconf 79' lang='grc'>111111111111111,</span> <span class='ocrx_word' id='word_1_132' title='bbox 501 2139 539 2176; x_wconf 87' lang='grc'><strong>11</strong></span> <span class='ocrx_word' id='word_1_133' title='bbox 554 2119 679 2186; x_wconf 88' lang='lat' dir='ltr'><strong>timeret,</strong></span> <span class='ocrx_word' id='word_1_134' title='bbox 694 2119 852 2194; x_wconf 80' lang='lat' dir='ltr'><strong>statimque</strong></span> <span class='ocrx_word' id='word_1_135' title='bbox 866 2120 903 2176; x_wconf 94' lang='lat' dir='ltr'><strong>ad</strong></span> <span class='ocrx_word' id='word_1_136' title='bbox 917 2141 949 2178; x_wconf 89' lang='grc'><strong>11</strong></span> <span class='ocrx_word' id='word_1_137' title='bbox 962 2121 1096 2180; x_wconf 86' lang='lat' dir='ltr'><strong>veniret:</strong></span> <span class='ocrx_word' id='word_1_138' title='bbox 1114 2141 1146 2180; x_wconf 86' lang='lat' dir='ltr'><strong>se</strong></span> 
     </span>
     <span class='ocr_line' id='line_1_19' title="bbox 192 2211 1147 2292; baseline -0.002 -18"><span class='ocrx_word' id='word_1_139' title='bbox 192 2235 276 2284; x_wconf 90' lang='lat' dir='ltr'><strong>eum,</strong></span> <span class='ocrx_word' id='word_1_140' title='bbox 301 2227 332 2270; x_wconf 88' lang='lat' dir='ltr'><strong>et</strong></span> <span class='ocrx_word' id='word_1_141' title='bbox 355 2213 435 2270; x_wconf 90' lang='lat' dir='ltr'><strong>illiue</strong></span> <span class='ocrx_word' id='word_1_142' title='bbox 460 2232 548 2292; x_wconf 83' lang='lat' dir='ltr'><strong>cauea</strong></span> <span class='ocrx_word' id='word_1_143' title='bbox 568 2212 688 2270; x_wconf 83' lang='lat' dir='ltr'><strong>Canum</strong></span> <span class='ocrx_word' id='word_1_144' title='bbox 709 2211 747 2270; x_wconf 89' lang='lat' dir='ltr'><strong>de</strong></span> <span class='ocrx_word' id='word_1_145' title='bbox 768 2213 998 2290; x_wconf 82' lang='lat' dir='ltr'><strong>proscriptorum</strong></span> <span class='ocrx_word' id='word_1_146' title='bbox 1023 2235 1147 2272; x_wconf 85' lang='lat' dir='ltr'><strong>numero</strong></span> 
     </span>
     <span class='ocr_line' id='line_1_20' title="bbox 192 2306 1148 2385; baseline -0.004 -14"><span class='ocrx_word' id='word_1_147' title='bbox 192 2310 367 2376; x_wconf 74' lang='lat' dir='ltr'><strong>exemisse.</strong></span> <span class='ocrx_word' id='word_1_148' title='bbox 402 2310 459 2378; x_wconf 92' lang='lat' dir='ltr'><strong>Ac,</strong></span> <span class='ocrx_word' id='word_1_149' title='bbox 482 2329 520 2366; x_wconf 92' lang='lat' dir='ltr'><strong>ne</strong></span> <span class='ocrx_word' id='word_1_150' title='bbox 545 2306 625 2384; x_wconf 90' lang='lat' dir='ltr'><strong>quod</strong></span> <span class='ocrx_word' id='word_1_151' title='bbox 649 2308 679 2364; x_wconf 90' lang='lat' dir='ltr'><strong>iu</strong></span> <span class='ocrx_word' id='word_1_152' title='bbox 701 2306 870 2385; x_wconf 89' lang='lat' dir='ltr'><strong>periculum</strong></span> <span class='ocrx_word' id='word_1_153' title='bbox 893 2307 1044 2378; x_wconf 86' lang='lat' dir='ltr'><strong>incideret,</strong></span> <span class='ocrx_word' id='word_1_154' title='bbox 1067 2309 1148 2385; x_wconf 92' lang='lat' dir='ltr'><strong>quod</strong></span> 
     </span>
     <span class='ocr_line' id='line_1_21' title="bbox 191 2401 1148 2482; baseline -0.005 -16"><span class='ocrx_word' id='word_1_155' title='bbox 191 2407 286 2466; x_wconf 84' lang='lat' dir='ltr'><strong>noctu</strong></span> <span class='ocrx_word' id='word_1_156' title='bbox 309 2405 408 2474; x_wconf 86' lang='lat' dir='ltr'><strong>fiebat,</strong></span> <span class='ocrx_word' id='word_1_157' title='bbox 425 2401 597 2482; x_wconf 73' lang='lat' dir='ltr'><strong>prmsidium</strong></span> <span class='ocrx_word' id='word_1_158' title='bbox 614 2402 747 2470; x_wconf 71' lang='lat' dir='ltr'><strong>ei&#39;misit.</strong></span> <span class='ocrx_word' id='word_1_159' title='bbox 786 2401 837 2459; x_wconf 86' lang='lat' dir='ltr'><strong>Sic</strong></span> <span class='ocrx_word' id='word_1_160' title='bbox 853 2402 972 2465; x_wconf 84' lang='lat' dir='ltr'><strong>Atticus</strong></span> <span class='ocrx_word' id='word_1_161' title='bbox 985 2402 1015 2459; x_wconf 91' lang='lat' dir='ltr'><strong>in</strong></span> <span class='ocrx_word' id='word_1_162' title='bbox 1033 2423 1148 2462; x_wconf 90' lang='lat' dir='ltr'><strong>summo</strong></span> 
     </span>
     <span class='ocr_line' id='line_1_22' title="bbox 192 2497 1148 2574; baseline -0.006 -12"><span class='ocrx_word' id='word_1_163' title='bbox 192 2504 302 2562; x_wconf 87' lang='lat' dir='ltr'><strong>timore</strong></span> <span class='ocrx_word' id='word_1_164' title='bbox 323 2519 383 2558; x_wconf 89' lang='lat' dir='ltr'><strong>non</strong></span> <span class='ocrx_word' id='word_1_165' title='bbox 404 2500 499 2557; x_wconf 88' lang='lat' dir='ltr'><strong>solum</strong></span> <span class='ocrx_word' id='word_1_166' title='bbox 519 2497 586 2568; x_wconf 89' lang='lat' dir='ltr'><strong>sibi,</strong></span> <span class='ocrx_word' id='word_1_167' title='bbox 607 2497 662 2557; x_wconf 90' lang='lat' dir='ltr'><strong>sed</strong></span> <span class='ocrx_word' id='word_1_168' title='bbox 683 2497 771 2556; x_wconf 89' lang='lat' dir='ltr'><strong>etiam</strong></span> <span class='ocrx_word' id='word_1_169' title='bbox 792 2497 831 2568; x_wconf 85' lang='lat' dir='ltr'><strong>ei,</strong></span> <span class='ocrx_word' id='word_1_170' title='bbox 852 2517 942 2574; x_wconf 91' lang='lat' dir='ltr'><strong>quem</strong></span> <span class='ocrx_word' id='word_1_171' title='bbox 963 2497 1148 2556; x_wconf 88' lang='lat' dir='ltr'><strong>carissimum</strong></span> 
     </span>
     <span class='ocr_line' id='line_1_23' title="bbox 192 2593 1147 2677; baseline -0.003 -21"><span class='ocrx_word' id='word_1_172' title='bbox 192 2598 333 2667; x_wconf 88' lang='lat' dir='ltr'><strong>babebat,</strong></span> <span class='ocrx_word' id='word_1_173' title='bbox 348 2593 492 2674; x_wconf 81' lang='lat' dir='ltr'><strong>¹praesidio</strong></span> <span class='ocrx_word' id='word_1_174' title='bbox 510 2594 574 2652; x_wconf 89' lang='lat' dir='ltr'><strong>fuit.</strong></span> <span class='ocrx_word' id='word_1_175' title='bbox 615 2594 725 2671; x_wconf 91' lang='lat' dir='ltr'><strong>Neque</strong></span> <span class='ocrx_word' id='word_1_176' title='bbox 743 2593 822 2653; x_wconf 88' lang='lat' dir='ltr'><strong>enim</strong></span> <span class='ocrx_word' id='word_1_177' title='bbox 839 2615 900 2652; x_wconf 86' lang='lat' dir='ltr'><strong>suae</strong></span> <span class='ocrx_word' id='word_1_178' title='bbox 921 2595 1016 2653; x_wconf 82' lang='lat' dir='ltr'><strong>solu&#39;m</strong></span> <span class='ocrx_word' id='word_1_179' title='bbox 1038 2615 1055 2653; x_wconf 87' lang='lat' dir='ltr'><strong>a</strong></span> <span class='ocrx_word' id='word_1_180' title='bbox 1075 2615 1147 2677; x_wconf 91' lang='lat' dir='ltr'><strong>quo·</strong></span> 
     </span>
     <span class='ocr_line' id='line_1_24' title="bbox 195 2689 1148 2771; baseline -0.002 -20"><span class='ocrx_word' id='word_1_181' title='bbox 195 2693 288 2771; x_wconf 74' lang='lat' dir='ltr'><strong>quam‘</strong></span> <span class='ocrx_word' id='word_1_182' title='bbox 307 2692 452 2751; x_wconf 86' lang='lat' dir='ltr'><strong>auxilium</strong></span> <span class='ocrx_word' id='word_1_183' title='bbox 473 2690 556 2769; x_wconf 87' lang='lat' dir='ltr'><strong>petiit</strong></span> <span class='ocrx_word' id='word_1_184' title='bbox 576 2690 687 2760; x_wconf 88' lang='lat' dir='ltr'><strong>salutis,</strong></span> <span class='ocrx_word' id='word_1_185' title='bbox 708 2689 761 2748; x_wconf 92' lang='lat' dir='ltr'><strong>sed</strong></span> <span class='ocrx_word' id='word_1_186' title='bbox 784 2689 983 2768; x_wconf 86' lang='lat' dir='ltr'><strong>conjunctim:</strong></span> <span class='ocrx_word' id='word_1_187' title='bbox 1005 2703 1038 2752; x_wconf 89' lang='lat' dir='ltr'><strong>ut</strong></span> <span class='ocrx_word' id='word_1_188' title='bbox 1059 2709 1148 2769; x_wconf 86' lang='lat' dir='ltr'><strong>appa·</strong></span> 
     </span>
     <span class='ocr_line' id='line_1_25' title="bbox 194 2784 1147 2864; baseline -0.002 -18"><span class='ocrx_word' id='word_1_189' title='bbox 194 2800 284 2856; x_wconf 89' lang='lat' dir='ltr'><strong>reret,</strong></span> <span class='ocrx_word' id='word_1_190' title='bbox 295 2789 405 2846; x_wconf 87' lang='lat' dir='ltr'><strong>nullam</strong></span> <span class='ocrx_word' id='word_1_191' title='bbox 419 2786 582 2864; x_wconf 86' lang='lat' dir='ltr'><strong>sejunctam</strong></span> <span class='ocrx_word' id='word_1_192' title='bbox 597 2784 705 2858; x_wconf 17' lang='lat' dir='ltr'><strong>sibilab</strong></span> <span class='ocrx_word' id='word_1_193' title='bbox 719 2805 756 2843; x_wconf 89' lang='lat' dir='ltr'><strong>eo</strong></span> <span class='ocrx_word' id='word_1_194' title='bbox 770 2786 848 2846; x_wconf 88' lang='lat' dir='ltr'><strong>velle</strong></span> <span class='ocrx_word' id='word_1_195' title='bbox 860 2785 1017 2844; x_wconf 79' lang='lat' dir='ltr'><strong>fortunam.</strong></span> <span class='ocrx_word' id='word_1_196' title='bbox 1055 2785 1147 2858; x_wconf 80' lang='lat' dir='ltr'><strong>Quod</strong></span> 
     </span>
     <span class='ocr_line' id='line_1_26' title="bbox 196 2879 1146 2961; baseline 0 -21"><span class='ocrx_word' id='word_1_197' title='bbox 196 2881 222 2940; x_wconf 87' lang='grc'><strong>11</strong></span> <span class='ocrx_word' id='word_1_198' title='bbox 235 2881 415 2960; x_wconf 78' lang='lat' dir='ltr'><strong>gubernator</strong></span> <span class='ocrx_word' id='word_1_199' title='bbox 428 2880 582 2961; x_wconf 84' lang='lat' dir='ltr'><strong>praeoipua</strong></span> <span class='ocrx_word' id='word_1_200' title='bbox 594 2879 684 2939; x_wconf 84' lang='lat' dir='ltr'><strong>laude</strong></span> <span class='ocrx_word' id='word_1_201' title='bbox 697 2879 799 2951; x_wconf 83' lang='lat' dir='ltr'><strong>fertur,</strong></span> <span class='ocrx_word' id='word_1_202' title='bbox 811 2880 862 2958; x_wconf 91' lang='lat' dir='ltr'><strong>qui</strong></span> <span class='ocrx_word' id='word_1_203' title='bbox 876 2901 981 2940; x_wconf 85' lang='lat' dir='ltr'><strong>navem</strong></span> <span class='ocrx_word' id='word_1_204' title='bbox 995 2902 1034 2938; x_wconf 83' lang='lat' dir='ltr'><strong>ex</strong></span> <span class='ocrx_word' id='word_1_205' title='bbox 1046 2882 1146 2940; x_wconf 91' lang='lat' dir='ltr'><strong>hieme</strong></span> 
     </span>
     <span class='ocr_line' id='line_1_27' title="bbox 196 2977 1147 3056; baseline -0.002 -20"><span class='ocrx_word' id='word_1_206' title='bbox 196 2978 330 3055; x_wconf 85' lang='lat' dir='ltr'><strong>merique</strong></span> <span class='ocrx_word' id='word_1_207' title='bbox 350 2979 511 3056; x_wconf 65' lang='lat' dir='ltr'><strong>scopuloso¹</strong></span> <span class='ocrx_word' id='word_1_208' title='bbox 531 2989 644 3036; x_wconf 82' lang='lat' dir='ltr'><strong>servet:</strong></span> <span class='ocrx_word' id='word_1_209' title='bbox 673 2997 726 3035; x_wconf 91' lang='lat' dir='ltr'><strong>cur</strong></span> <span class='ocrx_word' id='word_1_210' title='bbox 748 2998 808 3036; x_wconf 88' lang='lat' dir='ltr'><strong>non</strong></span> <span class='ocrx_word' id='word_1_211' title='bbox 830 2977 988 3055; x_wconf 86' lang='lat' dir='ltr'><strong>singularis</strong></span> <span class='ocrx_word' id='word_1_212' title='bbox 1010 2979 1147 3054; x_wconf 72' lang='grc'>1111111-</span> 
     </span>
     <span class='ocr_line' id='line_1_28' title="bbox 197 3071 1148 3152; baseline -0.002 -22"><span class='ocrx_word' id='word_1_213' title='bbox 197 3074 341 3132; x_wconf 88' lang='lat' dir='ltr'><strong>istimetur</strong></span> <span class='ocrx_word' id='word_1_214' title='bbox 356 3073 523 3152; x_wconf 88' lang='lat' dir='ltr'><strong>prudentia,</strong></span> <span class='ocrx_word' id='word_1_215' title='bbox 537 3073 588 3150; x_wconf 89' lang='lat' dir='ltr'><strong>qui</strong></span> <span class='ocrx_word' id='word_1_216' title='bbox 602 3093 640 3130; x_wconf 90' lang='lat' dir='ltr'><strong>ex</strong></span> <span class='ocrx_word' id='word_1_217' title='bbox 658 3084 701 3131; x_wconf 93' lang='lat' dir='ltr'><strong>tot</strong></span> <span class='ocrx_word' id='word_1_218' title='bbox 717 3086 837 3150; x_wconf 87' lang='lat' dir='ltr'><strong>temque</strong></span> <span class='ocrx_word' id='word_1_219' title='bbox 854 3073 994 3150; x_wconf 83' lang='lat' dir='ltr'><strong>gravibus</strong></span> <span class='ocrx_word' id='word_1_220' title='bbox 1010 3071 1148 3149; x_wconf 82' lang='lat' dir='ltr'><strong>procellis</strong></span> 
     </span>
     <span class='ocr_line' id='line_1_29' title="bbox 198 3167 802 3245; baseline -0.002 -19"><span class='ocrx_word' id='word_1_221' title='bbox 198 3168 334 3226; x_wconf 90' lang='lat' dir='ltr'><strong>civilibus</strong></span> <span class='ocrx_word' id='word_1_222' title='bbox 348 3167 385 3226; x_wconf 91' lang='lat' dir='ltr'><strong>ad</strong></span> <span class='ocrx_word' id='word_1_223' title='bbox 400 3167 633 3228; x_wconf 84' lang='lat' dir='ltr'><strong>incolumitatem</strong></span> <span class='ocrx_word' id='word_1_224' title='bbox 647 3167 802 3245; x_wconf 83' lang='lat' dir='ltr'><strong>pervenitl</strong></span> 
     </span>
    </p>
   </div>
   <div class='ocr_carea' id='block_1_3' title="bbox 197 3353 1150 3917">
    <p class='ocr_par' dir='ltr' id='par_1_3' title="bbox 197 3353 1150 3917">
     <span class='ocr_line' id='line_1_30' title="bbox 238 3353 1148 3432; baseline -0.009 -14"><span class='ocrx_word' id='word_1_225' title='bbox 238 3361 294 3418; x_wconf 93' lang='lat' dir='ltr'><strong>XI.</strong></span> <span class='ocrx_word' id='word_1_226' title='bbox 316 3359 434 3432; x_wconf 86' lang='lat' dir='ltr'><strong>Quibus</strong></span> <span class='ocrx_word' id='word_1_227' title='bbox 457 3377 496 3417; x_wconf 89' lang='lat' dir='ltr'><strong>ex</strong></span> <span class='ocrx_word' id='word_1_228' title='bbox 520 3360 606 3418; x_wconf 86' lang='lat' dir='ltr'><strong>melis</strong></span> <span class='ocrx_word' id='word_1_229' title='bbox 626 3371 659 3416; x_wconf 92' lang='grc'><strong>11</strong></span> <span class='ocrx_word' id='word_1_230' title='bbox 681 3379 714 3416; x_wconf 88' lang='grc'><strong>11</strong></span> <span class='ocrx_word' id='word_1_231' title='bbox 738 3356 869 3424; x_wconf 89' lang='lat' dir='ltr'><strong>emersit,</strong></span> <span class='ocrx_word' id='word_1_232' title='bbox 887 3355 960 3413; x_wconf 90' lang='lat' dir='ltr'><strong>nihil</strong></span> <span class='ocrx_word' id='word_1_233' title='bbox 983 3353 1062 3412; x_wconf 89' lang='lat' dir='ltr'><strong>aliud</strong></span> <span class='ocrx_word' id='word_1_234' title='bbox 1079 3354 1148 3430; x_wconf 83' lang='lat' dir='ltr'><strong>egit,</strong></span> 
     </span>
     <span class='ocr_line' id='line_1_31' title="bbox 198 3448 1149 3534; baseline -0.009 -19"><span class='ocrx_word' id='word_1_235' title='bbox 198 3478 289 3534; x_wconf 89' lang='lat' dir='ltr'><strong>quam</strong></span> <span class='ocrx_word' id='word_1_236' title='bbox 313 3469 346 3514; x_wconf 91' lang='lat' dir='ltr'><strong>ut</strong></span> <span class='ocrx_word' id='word_1_237' title='bbox 372 3455 518 3534; x_wconf 88' lang='lat' dir='ltr'><strong>plurimis,</strong></span> <span class='ocrx_word' id='word_1_238' title='bbox 542 3454 648 3531; x_wconf 88' lang='lat' dir='ltr'><strong>quibus</strong></span> <span class='ocrx_word' id='word_1_239' title='bbox 673 3454 763 3510; x_wconf 87' lang='lat' dir='ltr'><strong>rebus</strong></span> <span class='ocrx_word' id='word_1_240' title='bbox 790 3461 898 3528; x_wconf 87' lang='lat' dir='ltr'><strong>posset,</strong></span> <span class='ocrx_word' id='word_1_241' title='bbox 922 3461 1001 3506; x_wconf 83' lang='lat' dir='ltr'><strong>esset</strong></span> <span class='ocrx_word' id='word_1_242' title='bbox 1028 3448 1149 3506; x_wconf 88' lang='lat' dir='ltr'><strong>auxilio.</strong></span> 
     </span>
     <span class='ocr_line' id='line_1_32' title="bbox 198 3543 1149 3630; baseline -0.012 -20"><span class='ocrx_word' id='word_1_243' title='bbox 198 3551 303 3622; x_wconf 82' lang='lat' dir='ltr'><strong>Quum</strong></span> <span class='ocrx_word' id='word_1_244' title='bbox 318 3549 498 3630; x_wconf 86' lang='lat' dir='ltr'><strong>proscriptos</strong></span> <span class='ocrx_word' id='word_1_245' title='bbox 512 3546 642 3627; x_wconf 75' lang='lat' dir='ltr'><strong>praemiis</strong></span> <span class='ocrx_word' id='word_1_246' title='bbox 652 3546 863 3623; x_wconf 83' lang='lat' dir='ltr'><strong>imperatorum</strong></span> <span class='ocrx_word' id='word_1_247' title='bbox 873 3545 979 3619; x_wconf 82' lang='lat' dir='ltr'><strong>vulgus</strong></span> <span class='ocrx_word' id='word_1_248' title='bbox 994 3543 1149 3619; x_wconf 88' lang='lat' dir='ltr'><strong>conquire-</strong></span> 
     </span>
     <span class='ocr_line' id='line_1_33' title="bbox 197 3636 1150 3724; baseline -0.012 -18"><span class='ocrx_word' id='word_1_249' title='bbox 197 3661 254 3716; x_wconf 87' lang='lat' dir='ltr'><strong>ret,</strong></span> <span class='ocrx_word' id='word_1_250' title='bbox 267 3669 356 3706; x_wconf 90' lang='lat' dir='ltr'><strong>nemo</strong></span> <span class='ocrx_word' id='word_1_251' title='bbox 374 3647 403 3704; x_wconf 89' lang='lat' dir='ltr'><strong>in</strong></span> <span class='ocrx_word' id='word_1_252' title='bbox 418 3646 545 3724; x_wconf 81' lang='lat' dir='ltr'><strong>Epirum</strong></span> <span class='ocrx_word' id='word_1_253' title='bbox 560 3643 650 3711; x_wconf 86' lang='lat' dir='ltr'><strong>venit,</strong></span> <span class='ocrx_word' id='word_1_254' title='bbox 665 3640 713 3699; x_wconf 90' lang='lat' dir='ltr'><strong>cui</strong></span> <span class='ocrx_word' id='word_1_255' title='bbox 729 3659 778 3697; x_wconf 91' lang='lat' dir='ltr'><strong>res</strong></span> <span class='ocrx_word' id='word_1_256' title='bbox 796 3640 855 3698; x_wconf 90' lang='lat' dir='ltr'><strong>ulla</strong></span> <span class='ocrx_word' id='word_1_257' title='bbox 869 3636 1017 3708; x_wconf 65' lang='lat' dir='ltr'><strong>defuerim</strong></span> <span class='ocrx_word' id='word_1_258' title='bbox 1039 3637 1150 3695; x_wconf 87' lang='lat' dir='ltr'><strong>nemini</strong></span> 
     </span>
     <span class='ocr_line' id='line_1_34' title="bbox 198 3731 1150 3820; baseline -0.013 -19"><span class='ocrx_word' id='word_1_259' title='bbox 198 3757 258 3801; x_wconf 82' lang='grc'>’1101</span> <span class='ocrx_word' id='word_1_260' title='bbox 272 3743 313 3800; x_wconf 92' lang='lat' dir='ltr'><strong>ibi</strong></span> <span class='ocrx_word' id='word_1_261' title='bbox 327 3755 475 3820; x_wconf 85' lang='lat' dir='ltr'><strong>perpetuo</strong></span> <span class='ocrx_word' id='word_1_262' title='bbox 493 3737 629 3796; x_wconf 86' lang='lat' dir='ltr'><strong>manendi</strong></span> <span class='ocrx_word' id='word_1_263' title='bbox 646 3747 774 3815; x_wconf 84' lang='lat' dir='ltr'><strong>potestas</strong></span> <span class='ocrx_word' id='word_1_264' title='bbox 789 3733 867 3798; x_wconf 86' lang='lat' dir='ltr'><strong>facta</strong></span> <span class='ocrx_word' id='word_1_265' title='bbox 885 3745 938 3791; x_wconf 89' lang='lat' dir='ltr'><strong>est.</strong></span> <span class='ocrx_word' id='word_1_266' title='bbox 979 3732 1043 3803; x_wconf 80' lang='lat' dir='ltr'><strong>Qui</strong></span> <span class='ocrx_word' id='word_1_267' title='bbox 1061 3731 1150 3790; x_wconf 85' lang='lat' dir='ltr'><strong>etiam</strong></span> 
     </span>
     <span class='ocr_line' id='line_1_35' title="bbox 198 3827 1150 3917; baseline -0.009 -21"><span class='ocrx_word' id='word_1_268' title='bbox 198 3850 267 3917; x_wconf 89' lang='lat' dir='ltr'><strong>post</strong></span> <span class='ocrx_word' id='word_1_269' title='bbox 290 3836 428 3916; x_wconf 91' lang='lat' dir='ltr'><strong>proelium</strong></span> <span class='ocrx_word' id='word_1_270' title='bbox 450 3834 645 3913; x_wconf 86' lang='lat' dir='ltr'><strong>Philippense</strong></span> <span class='ocrx_word' id='word_1_271' title='bbox 668 3830 878 3907; x_wconf 85' lang='lat' dir='ltr'><strong>interitumque</strong></span> <span class='ocrx_word' id='word_1_272' title='bbox 897 3829 932 3888; x_wconf 84' lang='lat' dir='ltr'><strong>G.</strong></span> <span class='ocrx_word' id='word_1_273' title='bbox 944 3827 1039 3888; x_wconf 86' lang='lat' dir='ltr'><strong>Cassii</strong></span> <span class='ocrx_word' id='word_1_274' title='bbox 1060 3841 1090 3888; x_wconf 92' lang='lat' dir='ltr'><strong>et</strong></span> <span class='ocrx_word' id='word_1_275' title='bbox 1108 3829 1150 3888; x_wconf 92' lang='lat' dir='ltr'><strong>M.</strong></span> 
     </span>
    </p>
   </div>
   <div class='ocr_carea' id='block_1_4' title="bbox 0 0 1354 4508">
    <p class='ocr_par' dir='ltr' id='par_1_4' title="bbox 0 0 1354 4508">
     <span class='ocr_line' id='line_1_36' title="bbox 0 0 1354 4508; baseline 0 0"><span class='ocrx_word' id='word_1_276' title='bbox 0 0 1354 4508; x_wconf 95' lang='lat' dir='ltr'><strong> </strong></span> 
     </span>
    </p>
   </div>
  </div>
 </body>
</html>
