2698 4508
397 452 469 510 srva
490 453 530 494 ns
548 452 817 496 surorum-car.
832 455 906 497 xxv.
1090 441 1132 500 65

218 581 319 642 XXV.
341 584 388 639 91.
405 583 449 641 Ut
462 583 554 661 igitur
566 597 597 641 ct
610 603 731 644 monere
746 597 777 644 et
789 585 902 644 moneri
916 585 1067 668 proprium
1086 601 1131 645 est

178 699 259 738 verae
285 677 439 750 amicitiae3
469 692 499 736 et
523 681 650 738 alterum
674 679 769 739 libera
792 680 901 750 facere,
924 700 982 738 non
1008 699 1129 759 aspere;

179 775 304 832 alterum
321 773 469 851 patienter
486 774 631 852 accipere,
646 795 705 833 non
722 788 942 854 repugnanter:
964 776 1005 834 sic
1021 777 1130 834 haben-

178 868 251 927 dum
268 880 321 937 est,
334 869 446 926 nullam
461 869 490 926 in
508 869 645 929 amicitiis
658 883 775 948 pestem
793 891 858 930 esse
875 872 1026 950 majorem,
1041 891 1131 949 quam

179 961 387 1033 adulationem,
404 963 588 1033 blanditiam,
607 965 841 1024 assentationem.
881 966 1027 1038 Quamvis
1051 966 1130 1024 enirn

179 1060 279 1116 multis
295 1059 463 1117 nominibus
481 1072 526 1117 est
542 1060 600 1117 hon
615 1061 718 1119 vitium
736 1061 897 1119 notandum
914 1062 1023 1120 levium
1038 1061 1130 1120 honri·

178 1173 249 1212 num
271 1167 358 1233 atque
378 1153 537 1225 fallacium,
556 1154 592 1212 ad
610 1156 791 1214 voluntatem
811 1156 998 1233 loquentium
1022 1157 1130 1226 omnia,

178 1250 251 1306 nihil
262 1249 299 1308 ad
309 1249 474 1326 veritatem.
515 1255 562 1308 92.
580 1249 658 1309 Cum
672 1263 770 1309 autem
783 1251 914 1308 omnium
928 1271 1027 1309 rerum
1042 1251 1131 1308 simu·

179 1345 249 1403 latio
261 1357 304 1402 est
312 1345 416 1404 vitiosa
427 1345 517 1424 (tollit
527 1345 607 1403 enim
619 1345 765 1423 judicium
774 1345 845 1416 veri,
854 1345 947 1423 idque
959 1345 1130 1422 adulterat),

178 1451 243 1498 turn
265 1440 403 1498 amicitias
425 1452 574 1518 repugnat
595 1439 742 1498 maxime:
768 1439 847 1498 delet
868 1440 949 1500 enim
966 1441 1130 1511 veritatem,

145 1533 153 1544 “
180 1534 243 1592 sine
262 1555 320 1612 qua
338 1553 447 1593 nomen
468 1534 606 1594 amicitiae
624 1536 724 1592 valere
741 1555 801 1592 non
818 1546 922 1613 potest.
964 1535 1045 1593 Nam
1064 1555 1131 1594 cum

180 1629 317 1687 amicitias
331 1629 375 1686 vis
392 1629 429 1686 sit
442 1629 472 1686 in
488 1649 532 1699 eo,
547 1642 581 1688 ut
598 1648 675 1687 unus
690 1628 773 1706 quasi
789 1630 901 1687 animus
917 1629 968 1687 fiat
985 1649 1024 1688 ex
1041 1629 1131 1708 piuri-

179 1723 251 1782 bua:
272 1723 322 1800 qui
333 1723 363 1781 id
375 1724 439 1782 fieri
449 1722 566 1802 poterit,
579 1723 603 1781 si
618 1743 655 1781 na
670 1724 700 1781 in
715 1743 773 1782 uno
783 1723 904 1801 quidem
920 1744 1039 1803 quoque
1054 1743 1131 1782 unus

180 1819 294 1876 animus
315 1819 379 1888 erit,
397 1818 538 1896 idemque
556 1839 689 1897 semper3
711 1818 765 1877 sed
781 1819 891 1889 varius,
906 1817 1130 1890 commutabilis,

179 1913 356 1991 multiplex?
396 1917 445 1971 93.
455 1913 551 1985 ‘Quid
562 1913 639 1972 enim
654 1926 830 1991 potestesse
845 1928 904 1972 tam
918 1915 1059 1983 flexibile,
1071 1927 1131 1972 tarn

179 2007 307 2078 devium,
321 2026 410 2086 quam
425 2009 538 2066 animus
552 2010 626 2086 ejus,
641 2009 692 2085 qui
708 2008 744 2066 ad
759 2009 878 2067 alterius
892 2029 949 2068 non
963 2009 1052 2067 modo
1067 2028 1131 2067 sen·

179 2125 244 2163 sum
263 2125 297 2163 ao
314 2106 503 2174 voluntatem,
522 2105 575 2163 sed
592 2104 682 2162 etiam
699 2105 812 2161 vultum
832 2115 922 2181 atqua
943 2118 1048 2162 nutum
1065 2122 1130 2162 eon·

179 2200 325 2258 vertitur?

181 2295 278 2370 Negat
286 2295 370 2372 quis?
380 2315 468 2372 nego:
484 2295 548 2354 ait?
558 2296 624 2353 oio:
631 2303 774 2370 postremo
781 2293 924 2369 imperavi
933 2303 1041 2369 egmnct
1048 2293 1131 2362 milti,

185 2390 292 2450 Omnia
306 2391 456 2460 arrmtari,

180 2499 212 2545 ut
229 2487 269 2544 ait
286 2486 365 2544 idam
381 2486 557 2556 Terentius3
588 2485 642 2544 sed
659 2485 709 2543 ille
730 2485 785 2543 sub
802 2482 965 2543 Gnathonis
985 2499 1130 2562 personat

182 2582 261 2659 quod
272 2581 358 2640 amici
370 2601 464 2659 genus
473 2580 615 2639 adhibere
633 2581 752 2639 omnino
759 2579 887 2638 levitatis
897 2591 950 2638 est.
984 2583 1031 2638 et.
1043 2578 1132 2637 Multi

182 2690 280 2735 autem
300 2677 492 2735 Gnathonum
514 2675 637 2744 similes,
655 2696 724 2734 cum
744 2674 801 2734 sint
820 2676 895 2744 loco,
913 2674 1037 2744 fortuna,
1054 2673 1134 2733 fama

181 2771 358 2850 superiores,
372 2773 479 2830 horum
497 2783 543 2830 est
560 2771 720 2829 assentatio
736 2772 868 2839 molesta,
886 2791 954 2829 oum
972 2770 1009 2830 ad
1023 2771 1133 2829 vanita-

181 2879 243 2924 tem
252 2867 374 2925 accessit
382 2867 546 2925 auctoritas.
580 2871 627 2925 95.
642 2865 765 2925 Secerni
777 2879 875 2926 autern
884 2867 1010 2925 blandus
1022 2867 1134 2926 amicus

182 2981 293 3030 a-vero,
308 2975 339 3020 st
352 2961 512 3020 internosci
526 2974 586 3020 tam
600 2975 708 3040 potest,
723 2962 854 3020 adhibita
867 2961 1031 3040 diligentia,
1046 2981 1134 3039 quam

181 3059 281 3115 omnia
294 3056 401 3125 fucata,
416 3071 447 3116 et
460 3058 595 3116 simulata
609 3078 626 3116 a
639 3059 762 3116 sinceris
777 3071 867 3136 atque
881 3058 967 3116 veris.
1009 3056 1132 3124 Concio,

181 3172 248 3229 quae
263 3173 301 3210 cx
314 3152 544 3230 imperitissimis
558 3164 681 3222 constat,
696 3166 794 3212 tamen
806 3135 946 3233 judicare
964 3152 1047 3220 solet,
1061 3150 1132 3227 quid

180 3249 297 3307 intersit
318 3249 395 3308 inter
416 3251 599 3329 popularem,
617 3250 648 3308 id
671 3263 726 3319 est,
748 3261 960 3307 assentatorem
983 3259 1013 3304 et
1034 3246 1132 3302 levem

181 3345 285 3412 civem,
298 3357 327 3402 et
338 3345 415 3401 inter
425 3357 617 3414 constantem,
630 3363 767 3404 severum
779 3354 808 3400 et
822 3361 953 3420 parem.
994 3343 1041 3396 96.
1057 3337 1132 3408 Qui-

180 3437 236 3494 bus
250 3435 399 3494 blanditiis
421 3435 515 3494 Caius
549 3435 689 3514 Papirius
721 3454 818 3512 nuper
840 3432 982 3489 influebat
999 3430 1029 3486 in
1046 3449 1133 3488 aures

180 3529 340 3600 concionis,
353 3552 420 3590 cum
432 3531 524 3590 ferret
534 3532 634 3606 legem
649 3529 687 3586 de
701 3526 825 3584 tribunis
839 3525 936 3604 plebis
949 3523 1130 3584 reficiendis!

180 3626 385 3686 Dissuasimus
400 3646 464 3685 nos.
506 3623 566 3684 Sed
583 3623 658 3681 nihil
673 3622 712 3680 de
728 3640 795 3681 ma:
821 3619 858 3678 de
876 3619 1018 3698 Scipione
1035 3618 1133 3679 dicam

179 3722 330 3781 libentius.
384 3722 510 3794 Quanta
536 3719 588 3789 illi,
613 3717 655 3776 dii
678 3714 878 3776 immortales!
912 3715 969 3774 fuit
995 3715 1132 3794 gravitas,

180 3829 293 3894 quanta
316 3818 346 3874 in
373 3817 506 3876 oratione
533 3815 690 3893 majestas!
725 3821 758 3870 ut
782 3810 869 3871 facile
895 3809 1004 3870 ducem
1031 3812 1135 3890 populi
