<?xml version="1.0" encoding="UTF-8"?>
<!DOCTYPE html PUBLIC "-//W3C//DTD XHTML 1.0 Transitional//EN"
    "http://www.w3.org/TR/xhtml1/DTD/xhtml1-transitional.dtd">
<html xmlns="http://www.w3.org/1999/xhtml" xml:lang="en" lang="en">
 <head>
  <title>
</title>
<meta http-equiv="Content-Type" content="text/html;charset=utf-8" />
  <meta name='ocr-system' content='tesseract 3.04.00' />
  <meta name='ocr-capabilities' content='ocr_page ocr_carea ocr_par ocr_line ocrx_word'/>
</head>
<body>
  <div class='ocr_page' id='page_1' title='image "./desenectutedeam00anthgoog_0059.png"; bbox 0 0 2664 4508; ppageno 0'>
   <div class='ocr_carea' id='block_1_1' title="bbox 196 409 875 470">
    <p class='ocr_par' dir='ltr' id='par_1_1' title="bbox 196 409 875 470">
     <span class='ocr_line' id='line_1_1' title="bbox 196 409 875 470; baseline -0.027 0"><span class='ocrx_word' id='word_1_1' title='bbox 196 409 237 470; x_wconf 84' lang='grc'>36</span> <span class='ocrx_word' id='word_1_2' title='bbox 467 420 501 461; x_wconf 88' lang='lat' dir='ltr'>u.</span> <span class='ocrx_word' id='word_1_3' title='bbox 517 419 547 460; x_wconf 83' lang='lat' dir='ltr'>r.</span> <span class='ocrx_word' id='word_1_4' title='bbox 563 413 726 460; x_wconf 77' lang='lat' dir='ltr'>cressonis</span> <span class='ocrx_word' id='word_1_5' title='bbox 745 413 875 465; x_wconf 75' lang='lat' dir='ltr'>snmus,</span> 
     </span>
    </p>
   </div>
   <div class='ocr_carea' id='block_1_2' title="bbox 194 541 1155 3466">
    <p class='ocr_par' dir='ltr' id='par_1_2' title="bbox 194 541 1155 3466">
     <span class='ocr_line' id='line_1_2' title="bbox 196 541 1146 630; baseline -0.012 -15"><span class='ocrx_word' id='word_1_6' title='bbox 196 569 228 616; x_wconf 88' lang='lat' dir='ltr'>et</span> <span class='ocrx_word' id='word_1_7' title='bbox 247 575 315 614; x_wconf 87' lang='lat' dir='ltr'>curn</span> <span class='ocrx_word' id='word_1_8' title='bbox 336 553 429 610; x_wconf 88' lang='lat' dir='ltr'>slterc</span> <span class='ocrx_word' id='word_1_9' title='bbox 450 568 569 630; x_wconf 82' lang='lat' dir='ltr'>genero,</span> <span class='ocrx_word' id='word_1_10' title='bbox 587 546 757 615; x_wconf 85' lang='lat' dir='ltr'>O.Fannio,</span> <span class='ocrx_word' id='word_1_11' title='bbox 774 545 816 603; x_wconf 94' lang='grc' dir='ltr'>Μ.</span> <span class='ocrx_word' id='word_1_12' title='bbox 830 541 900 612; x_wconf 87' lang='lat' dir='ltr'>lilio,</span> <span class='ocrx_word' id='word_1_13' title='bbox 916 543 1019 623; x_wconf 80' lang='lat' dir='ltr'><strong>paucis</strong></span> <span class='ocrx_word' id='word_1_14' title='bbox 1040 543 1146 604; x_wconf 89' lang='lat' dir='ltr'>diebus</span> 
     </span>
     <span class='ocr_line' id='line_1_3' title="bbox 194 639 1147 730; baseline -0.012 -22"><span class='ocrx_word' id='word_1_15' title='bbox 194 659 401 730; x_wconf 89' lang='lat' dir='ltr'>postmortem</span> <span class='ocrx_word' id='word_1_16' title='bbox 415 644 555 703; x_wconf 81' lang='lat' dir='ltr'>Africani.</span> <span class='ocrx_word' id='word_1_17' title='bbox 596 642 673 720; x_wconf 87' lang='lat' dir='ltr'>Ejus</span> <span class='ocrx_word' id='word_1_18' title='bbox 687 639 895 718; x_wconf 80' lang='lat' dir='ltr'>disputationis</span> <span class='ocrx_word' id='word_1_19' title='bbox 910 639 1071 698; x_wconf 85' lang='lat' dir='ltr'>sententias</span> <span class='ocrx_word' id='word_1_20' title='bbox 1084 659 1147 698; x_wconf 90' lang='lat' dir='ltr'>me-</span> 
     </span>
     <span class='ocr_line' id='line_1_4' title="bbox 196 733 1145 816; baseline -0.008 -15"><span class='ocrx_word' id='word_1_21' title='bbox 196 744 300 802; x_wconf 86' lang='lat' dir='ltr'>moriae</span> <span class='ocrx_word' id='word_1_22' title='bbox 315 739 466 810; x_wconf 83' lang='lat' dir='ltr'>mandavi;</span> <span class='ocrx_word' id='word_1_23' title='bbox 484 757 557 816; x_wconf 82' lang='lat' dir='ltr'>quas</span> <span class='ocrx_word' id='word_1_24' title='bbox 571 737 601 794; x_wconf 91' lang='lat' dir='ltr'>in</span> <span class='ocrx_word' id='word_1_25' title='bbox 610 737 669 794; x_wconf 93' lang='lat' dir='ltr'>hoc</span> <span class='ocrx_word' id='word_1_26' title='bbox 678 735 757 792; x_wconf 90' lang='lat' dir='ltr'>libro</span> <span class='ocrx_word' id='word_1_27' title='bbox 772 733 898 811; x_wconf 75' lang='lat' dir='ltr'>exposui</span> <span class='ocrx_word' id='word_1_28' title='bbox 909 733 1050 792; x_wconf 85' lang='lat' dir='ltr'>arbitratu</span> <span class='ocrx_word' id='word_1_29' title='bbox 1062 754 1145 793; x_wconf 85' lang='lat' dir='ltr'>meo:</span> 
     </span>
     <span class='ocr_line' id='line_1_5' title="bbox 197 831 1146 917; baseline -0.009 -20"><span class='ocrx_word' id='word_1_30' title='bbox 197 838 281 917; x_wconf 87' lang='lat' dir='ltr'>quasi</span> <span class='ocrx_word' id='word_1_31' title='bbox 302 837 382 895; x_wconf 91' lang='lat' dir='ltr'>enim</span> <span class='ocrx_word' id='word_1_32' title='bbox 400 835 481 913; x_wconf 88' lang='lat' dir='ltr'>ipsos</span> <span class='ocrx_word' id='word_1_33' title='bbox 501 831 605 891; x_wconf 86' lang='lat' dir='ltr'>induxi</span> <span class='ocrx_word' id='word_1_34' title='bbox 621 832 783 907; x_wconf 89' lang='lat' dir='ltr'>loquentes,</span> <span class='ocrx_word' id='word_1_35' title='bbox 800 848 838 887; x_wconf 85' lang='lat' dir='ltr'>ne</span> <span class='ocrx_word' id='word_1_36' title='bbox 854 831 976 906; x_wconf 79' lang='lat' dir='ltr'>inquam</span> <span class='ocrx_word' id='word_1_37' title='bbox 995 842 1027 887; x_wconf 90' lang='lat' dir='ltr'>et</span> <span class='ocrx_word' id='word_1_38' title='bbox 1042 831 1146 906; x_wconf 81' lang='lat' dir='ltr'>inquit,</span> 
     </span>
     <span class='ocr_line' id='line_1_6' title="bbox 197 924 1147 1010; baseline -0.011 -18"><span class='ocrx_word' id='word_1_39' title='bbox 197 932 308 1010; x_wconf 85' lang='lat' dir='ltr'>saepius</span> <span class='ocrx_word' id='word_1_40' title='bbox 320 932 565 1008; x_wconf 82' lang='lat' dir='ltr'>interponeretur,</span> <span class='ocrx_word' id='word_1_41' title='bbox 580 939 669 1003; x_wconf 83' lang='lat' dir='ltr'>atque</span> <span class='ocrx_word' id='word_1_42' title='bbox 685 937 728 995; x_wconf 92' lang='lat' dir='ltr'>ut,</span> <span class='ocrx_word' id='word_1_43' title='bbox 741 935 893 1002; x_wconf 78' lang='lat' dir='ltr'>tamqnam</span> <span class='ocrx_word' id='word_1_44' title='bbox 907 944 925 982; x_wconf 87' lang='lat' dir='ltr'>a</span> <span class='ocrx_word' id='word_1_45' title='bbox 937 924 1147 1003; x_wconf 82' lang='lat' dir='ltr'>praesentibus,</span> 
     </span>
     <span class='ocr_line' id='line_1_7' title="bbox 198 1018 1148 1097; baseline -0.009 -12"><span class='ocrx_word' id='word_1_46' title='bbox 198 1047 298 1086; x_wconf 89' lang='lat' dir='ltr'>coram</span> <span class='ocrx_word' id='word_1_47' title='bbox 314 1023 417 1084; x_wconf 87' lang='lat' dir='ltr'>haberi</span> <span class='ocrx_word' id='word_1_48' title='bbox 433 1042 530 1081; x_wconf 89' lang='lat' dir='ltr'>sermo</span> <span class='ocrx_word' id='word_1_49' title='bbox 546 1020 703 1079; x_wconf 89' lang='lat' dir='ltr'>videretur.</span> <span class='ocrx_word' id='word_1_50' title='bbox 745 1023 774 1077; x_wconf 84' lang='lat'>4.</span> <span class='ocrx_word' id='word_1_51' title='bbox 790 1018 869 1076; x_wconf 83' lang='lat' dir='ltr'>Cum</span> <span class='ocrx_word' id='word_1_52' title='bbox 887 1018 968 1077; x_wconf 89' lang='lat' dir='ltr'>enim</span> <span class='ocrx_word' id='word_1_53' title='bbox 987 1039 1067 1097; x_wconf 82' lang='lat' dir='ltr'>saepe</span> <span class='ocrx_word' id='word_1_54' title='bbox 1084 1040 1148 1077; x_wconf 88' lang='lat' dir='ltr'>me·</span> 
     </span>
     <span class='ocr_line' id='line_1_8' title="bbox 199 1113 1149 1198; baseline -0.006 -19"><span class='ocrx_word' id='word_1_55' title='bbox 199 1142 266 1180; x_wconf 90' lang='lat' dir='ltr'>cum</span> <span class='ocrx_word' id='word_1_56' title='bbox 284 1140 397 1198; x_wconf 85' lang='lat' dir='ltr'>ageres,</span> <span class='ocrx_word' id='word_1_57' title='bbox 413 1131 444 1177; x_wconf 90' lang='lat' dir='ltr'>ut</span> <span class='ocrx_word' id='word_1_58' title='bbox 458 1117 495 1175; x_wconf 89' lang='lat' dir='ltr'>de</span> <span class='ocrx_word' id='word_1_59' title='bbox 512 1114 642 1175; x_wconf 85' lang='lat' dir='ltr'>amicitia</span> <span class='ocrx_word' id='word_1_60' title='bbox 659 1114 819 1177; x_wconf 78' lang='lat' dir='ltr'>scriberem</span> <span class='ocrx_word' id='word_1_61' title='bbox 837 1113 958 1192; x_wconf 90' lang='lat' dir='ltr'>aliquid,</span> <span class='ocrx_word' id='word_1_62' title='bbox 973 1114 1063 1192; x_wconf 87' lang='lat' dir='ltr'>digna</span> <span class='ocrx_word' id='word_1_63' title='bbox 1075 1115 1149 1173; x_wconf 90' lang='lat' dir='ltr'>mibi</span> 
     </span>
     <span class='ocr_line' id='line_1_9' title="bbox 197 1208 1150 1289; baseline -0.003 -16"><span class='ocrx_word' id='word_1_64' title='bbox 197 1235 246 1274; x_wconf 90' lang='lat' dir='ltr'>res</span> <span class='ocrx_word' id='word_1_65' title='bbox 260 1236 328 1273; x_wconf 90' lang='lat' dir='ltr'>cum</span> <span class='ocrx_word' id='word_1_66' title='bbox 341 1213 472 1272; x_wconf 89' lang='lat' dir='ltr'>omnium</span> <span class='ocrx_word' id='word_1_67' title='bbox 485 1210 665 1289; x_wconf 81' lang='lat' dir='ltr'>cognitione,</span> <span class='ocrx_word' id='word_1_68' title='bbox 679 1221 741 1266; x_wconf 90' lang='lat' dir='ltr'>tum</span> <span class='ocrx_word' id='word_1_69' title='bbox 754 1219 856 1267; x_wconf 86' lang='lat' dir='ltr'>nostra</span> <span class='ocrx_word' id='word_1_70' title='bbox 869 1208 1076 1280; x_wconf 76' lang='lat' dir='ltr'>familiaritate,</span> <span class='ocrx_word' id='word_1_71' title='bbox 1085 1209 1150 1270; x_wconf 86' lang='lat' dir='ltr'>visa</span> 
     </span>
     <span class='ocr_line' id='line_1_10' title="bbox 198 1303 1151 1386; baseline -0.005 -18"><span class='ocrx_word' id='word_1_72' title='bbox 198 1322 253 1368; x_wconf 90' lang='lat' dir='ltr'>est.</span> <span class='ocrx_word' id='word_1_73' title='bbox 292 1309 397 1386; x_wconf 83' lang='lat' dir='ltr'>Itaque</span> <span class='ocrx_word' id='word_1_74' title='bbox 412 1307 469 1367; x_wconf 86' lang='lat' dir='ltr'>feci</span> <span class='ocrx_word' id='word_1_75' title='bbox 485 1327 544 1364; x_wconf 89' lang='lat' dir='ltr'>non</span> <span class='ocrx_word' id='word_1_76' title='bbox 560 1305 676 1373; x_wconf 85' lang='lat' dir='ltr'>invitus,</span> <span class='ocrx_word' id='word_1_77' title='bbox 690 1315 724 1360; x_wconf 88' lang='lat' dir='ltr'>ut</span> <span class='ocrx_word' id='word_1_78' title='bbox 738 1303 910 1381; x_wconf 82' lang='lat' dir='ltr'>prodessem</span> <span class='ocrx_word' id='word_1_79' title='bbox 926 1305 1026 1362; x_wconf 90' lang='lat' dir='ltr'>multis</span> <span class='ocrx_word' id='word_1_80' title='bbox 1042 1317 1151 1382; x_wconf 84' lang='lat' dir='ltr'>rogatu</span> 
     </span>
     <span class='ocr_line' id='line_1_11' title="bbox 197 1389 1150 1478; baseline -0.004 -15"><span class='ocrx_word' id='word_1_81' title='bbox 197 1415 257 1463; x_wconf 88' lang='lat' dir='ltr'>tuo.</span> <span class='ocrx_word' id='word_1_82' title='bbox 298 1404 370 1473; x_wconf 87' lang='lat' dir='ltr'>Sed,</span> <span class='ocrx_word' id='word_1_83' title='bbox 384 1416 417 1462; x_wconf 91' lang='lat' dir='ltr'>ut</span> <span class='ocrx_word' id='word_1_84' title='bbox 431 1404 461 1461; x_wconf 91' lang='lat' dir='ltr'>in</span> <span class='ocrx_word' id='word_1_85' title='bbox 475 1389 591 1461; x_wconf 71' lang='lat' dir='ltr'>Catone</span> <span class='ocrx_word' id='word_1_86' title='bbox 605 1401 730 1477; x_wconf 81' lang='lat' dir='ltr'>Majore,</span> <span class='ocrx_word' id='word_1_87' title='bbox 744 1398 796 1476; x_wconf 90' lang='lat' dir='ltr'>qui</span> <span class='ocrx_word' id='word_1_88' title='bbox 810 1411 855 1457; x_wconf 90' lang='lat' dir='ltr'>est</span> <span class='ocrx_word' id='word_1_89' title='bbox 871 1398 997 1478; x_wconf 89' lang='lat' dir='ltr'>scriptus</span> <span class='ocrx_word' id='word_1_90' title='bbox 1014 1400 1051 1457; x_wconf 91' lang='lat' dir='ltr'>ad</span> <span class='ocrx_word' id='word_1_91' title='bbox 1064 1413 1094 1459; x_wconf 90' lang='lat' dir='ltr'>ts</span> <span class='ocrx_word' id='word_1_92' title='bbox 1108 1400 1150 1460; x_wconf 89' lang='lat' dir='ltr'>de</span> 
     </span>
     <span class='ocr_line' id='line_1_12' title="bbox 198 1493 1152 1572; baseline -0.004 -14"><span class='ocrx_word' id='word_1_93' title='bbox 198 1511 361 1567; x_wconf 84' lang='lat' dir='ltr'>senectute,</span> <span class='ocrx_word' id='word_1_94' title='bbox 373 1498 518 1555; x_wconf 82' lang='lat' dir='ltr'>Catonem</span> <span class='ocrx_word' id='word_1_95' title='bbox 531 1494 636 1553; x_wconf 83' lang='lat' dir='ltr'>induxi</span> <span class='ocrx_word' id='word_1_96' title='bbox 649 1514 752 1556; x_wconf 88' lang='lat' dir='ltr'>senem</span> <span class='ocrx_word' id='word_1_97' title='bbox 763 1493 974 1572; x_wconf 81' lang='lat' dir='ltr'>disputantem,</span> <span class='ocrx_word' id='word_1_98' title='bbox 986 1495 1054 1572; x_wconf 92' lang='lat' dir='ltr'>quia</span> <span class='ocrx_word' id='word_1_99' title='bbox 1066 1496 1152 1554; x_wconf 82' lang='lat' dir='ltr'>nulla</span> 
     </span>
     <span class='ocr_line' id='line_1_13' title="bbox 198 1587 1151 1668; baseline -0.003 -19"><span class='ocrx_word' id='word_1_100' title='bbox 198 1591 355 1650; x_wconf 86' lang='lat' dir='ltr'>videbatur</span> <span class='ocrx_word' id='word_1_101' title='bbox 375 1591 470 1668; x_wconf 87' lang='lat' dir='ltr'>aptior</span> <span class='ocrx_word' id='word_1_102' title='bbox 489 1609 625 1668; x_wconf 89' lang='lat' dir='ltr'>persona,</span> <span class='ocrx_word' id='word_1_103' title='bbox 643 1608 709 1666; x_wconf 81' lang='lat' dir='ltr'>qum</span> <span class='ocrx_word' id='word_1_104' title='bbox 729 1587 767 1647; x_wconf 92' lang='lat' dir='ltr'>de</span> <span class='ocrx_word' id='word_1_105' title='bbox 787 1588 840 1646; x_wconf 88' lang='lat' dir='ltr'>ills</span> <span class='ocrx_word' id='word_1_106' title='bbox 859 1601 948 1647; x_wconf 81' lang='lat' dir='ltr'>aetate</span> <span class='ocrx_word' id='word_1_107' title='bbox 966 1591 1151 1667; x_wconf 87' lang='lat' dir='ltr'>loqueretur,</span> 
     </span>
     <span class='ocr_line' id='line_1_14' title="bbox 200 1683 1151 1765; baseline 0.001 -22"><span class='ocrx_word' id='word_1_108' title='bbox 200 1706 289 1765; x_wconf 87' lang='lat' dir='ltr'>quarn</span> <span class='ocrx_word' id='word_1_109' title='bbox 306 1686 379 1763; x_wconf 88' lang='lat' dir='ltr'>ejus,</span> <span class='ocrx_word' id='word_1_110' title='bbox 393 1684 444 1762; x_wconf 90' lang='lat' dir='ltr'>qui</span> <span class='ocrx_word' id='word_1_111' title='bbox 461 1697 493 1742; x_wconf 88' lang='lat' dir='ltr'>et</span> <span class='ocrx_word' id='word_1_112' title='bbox 509 1683 674 1742; x_wconf 89' lang='lat' dir='ltr'>diutissime</span> <span class='ocrx_word' id='word_1_113' title='bbox 690 1703 784 1744; x_wconf 87' lang='lat' dir='ltr'>senex</span> <span class='ocrx_word' id='word_1_114' title='bbox 799 1683 914 1756; x_wconf 80' lang='lat' dir='ltr'>fuisset,</span> <span class='ocrx_word' id='word_1_115' title='bbox 929 1697 960 1743; x_wconf 91' lang='lat' dir='ltr'>et</span> <span class='ocrx_word' id='word_1_116' title='bbox 974 1685 1005 1742; x_wconf 92' lang='lat' dir='ltr'>in</span> <span class='ocrx_word' id='word_1_117' title='bbox 1023 1686 1089 1763; x_wconf 87' lang='lat' dir='ltr'>ipss</span> <span class='ocrx_word' id='word_1_118' title='bbox 1104 1706 1151 1744; x_wconf 91' lang='lat' dir='ltr'>se·</span> 
     </span>
     <span class='ocr_line' id='line_1_15' title="bbox 200 1779 1152 1859; baseline 0.001 -21"><span class='ocrx_word' id='word_1_119' title='bbox 200 1793 318 1838; x_wconf 90' lang='lat' dir='ltr'>nectute</span> <span class='ocrx_word' id='word_1_120' title='bbox 336 1791 443 1859; x_wconf 84' lang='lat' dir='ltr'>praeter</span> <span class='ocrx_word' id='word_1_121' title='bbox 460 1791 573 1837; x_wconf 91' lang='lat' dir='ltr'>ceteros</span> <span class='ocrx_word' id='word_1_122' title='bbox 589 1779 754 1837; x_wconf 85' lang='lat' dir='ltr'>floruisset:</span> <span class='ocrx_word' id='word_1_123' title='bbox 776 1779 828 1848; x_wconf 88' lang='lat' dir='ltr'>sic,</span> <span class='ocrx_word' id='word_1_124' title='bbox 843 1800 912 1837; x_wconf 91' lang='lat' dir='ltr'>cum</span> <span class='ocrx_word' id='word_1_125' title='bbox 930 1780 1152 1858; x_wconf 87' lang='lat' dir='ltr'>accepissemus</span> 
     </span>
     <span class='ocr_line' id='line_1_16' title="bbox 200 1873 1152 1954; baseline -0.001 -20"><span class='ocrx_word' id='word_1_126' title='bbox 200 1895 218 1934; x_wconf 86' lang='lat' dir='ltr'>a</span> <span class='ocrx_word' id='word_1_127' title='bbox 231 1875 363 1954; x_wconf 84' lang='lat' dir='ltr'>patribus</span> <span class='ocrx_word' id='word_1_128' title='bbox 380 1874 510 1934; x_wconf 82' lang='lat' dir='ltr'>maxime</span> <span class='ocrx_word' id='word_1_129' title='bbox 527 1873 750 1932; x_wconf 85' lang='lat' dir='ltr'>memorabilem</span> <span class='ocrx_word' id='word_1_130' title='bbox 765 1874 800 1932; x_wconf 78' lang='lat' dir='ltr'>(l.</span> <span class='ocrx_word' id='word_1_131' title='bbox 810 1873 898 1932; x_wconf 83' lang='lat' dir='ltr'>Laelii</span> <span class='ocrx_word' id='word_1_132' title='bbox 913 1886 943 1932; x_wconf 89' lang='lat' dir='ltr'>et</span> <span class='ocrx_word' id='word_1_133' title='bbox 956 1875 991 1932; x_wconf 93' lang='lat' dir='ltr'>P.</span> <span class='ocrx_word' id='word_1_134' title='bbox 1000 1874 1152 1953; x_wconf 86' lang='lat' dir='ltr'>Scipionis</span> 
     </span>
     <span class='ocr_line' id='line_1_17' title="bbox 199 1967 1152 2048; baseline -0.002 -18"><span class='ocrx_word' id='word_1_135' title='bbox 199 1970 429 2030; x_wconf 82' lang='lat' dir='ltr'>familiaritatem</span> <span class='ocrx_word' id='word_1_136' title='bbox 445 1968 548 2040; x_wconf 87' lang='lat' dir='ltr'>fuisse,</span> <span class='ocrx_word' id='word_1_137' title='bbox 561 1968 669 2026; x_wconf 85' lang='lat' dir='ltr'>idonea</span> <span class='ocrx_word' id='word_1_138' title='bbox 685 1967 757 2025; x_wconf 91' lang='lat' dir='ltr'>mihi</span> <span class='ocrx_word' id='word_1_139' title='bbox 772 1968 860 2026; x_wconf 78' lang='lat' dir='ltr'>Laelii</span> <span class='ocrx_word' id='word_1_140' title='bbox 874 1989 999 2048; x_wconf 89' lang='lat' dir='ltr'>persona</span> <span class='ocrx_word' id='word_1_141' title='bbox 1014 1969 1079 2028; x_wconf 88' lang='lat' dir='ltr'>viss</span> <span class='ocrx_word' id='word_1_142' title='bbox 1095 1983 1152 2040; x_wconf 89' lang='lat' dir='ltr'>est,</span> 
     </span>
     <span class='ocr_line' id='line_1_18' title="bbox 200 2053 1152 2144; baseline 0.001 -22"><span class='ocrx_word' id='word_1_143' title='bbox 200 2085 267 2144; x_wconf 83' lang='lat' dir='ltr'>quse</span> <span class='ocrx_word' id='word_1_144' title='bbox 285 2065 323 2122; x_wconf 96' lang='lat' dir='ltr'>de</span> <span class='ocrx_word' id='word_1_145' title='bbox 342 2064 470 2123; x_wconf 86' lang='lat' dir='ltr'>amicitis</span> <span class='ocrx_word' id='word_1_146' title='bbox 490 2084 526 2122; x_wconf 84' lang='lat' dir='ltr'>ea</span> <span class='ocrx_word' id='word_1_147' title='bbox 540 2063 608 2143; x_wconf 64' lang='lat' dir='ltr'>&#39;ipss</span> <span class='ocrx_word' id='word_1_148' title='bbox 623 2063 792 2132; x_wconf 88' lang='lat' dir='ltr'>dissereret,</span> <span class='ocrx_word' id='word_1_149' title='bbox 808 2083 874 2141; x_wconf 84' lang='lat' dir='ltr'>quae</span> <span class='ocrx_word' id='word_1_150' title='bbox 892 2053 1096 2143; x_wconf 40' lang='lat' dir='ltr'>disputata&#39;ab</span> <span class='ocrx_word' id='word_1_151' title='bbox 1113 2085 1152 2123; x_wconf 90' lang='lat' dir='ltr'>eo</span> 
     </span>
     <span class='ocr_line' id='line_1_19' title="bbox 199 2147 1153 2237; baseline -0.001 -20"><span class='ocrx_word' id='word_1_152' title='bbox 199 2159 383 2218; x_wconf 87' lang='lat' dir='ltr'>meminisset</span> <span class='ocrx_word' id='word_1_153' title='bbox 396 2159 537 2219; x_wconf 82' lang='lat' dir='ltr'>Scaevole.</span> <span class='ocrx_word' id='word_1_154' title='bbox 578 2153 687 2216; x_wconf 80' lang='lat' dir='ltr'>Genus</span> <span class='ocrx_word' id='word_1_155' title='bbox 697 2169 796 2215; x_wconf 83' lang='lat' dir='ltr'>sutem</span> <span class='ocrx_word' id='word_1_156' title='bbox 810 2150 866 2216; x_wconf 80' lang='lat' dir='ltr'>hoc</span> <span class='ocrx_word' id='word_1_157' title='bbox 881 2147 1062 2229; x_wconf 86' lang='lat' dir='ltr'>sermonum,</span> <span class='ocrx_word' id='word_1_158' title='bbox 1073 2161 1153 2237; x_wconf 92' lang='lat' dir='ltr'>posi·</span> 
     </span>
     <span class='ocr_line' id='line_1_20' title="bbox 198 2250 1152 2324; baseline 0 -12"><span class='ocrx_word' id='word_1_159' title='bbox 198 2266 262 2313; x_wconf 89' lang='lat' dir='ltr'>tum</span> <span class='ocrx_word' id='word_1_160' title='bbox 273 2253 303 2311; x_wconf 92' lang='lat' dir='ltr'>in</span> <span class='ocrx_word' id='word_1_161' title='bbox 313 2254 467 2312; x_wconf 88' lang='lat' dir='ltr'>hominum</span> <span class='ocrx_word' id='word_1_162' title='bbox 479 2267 613 2310; x_wconf 82' lang='lat' dir='ltr'>veterum</span> <span class='ocrx_word' id='word_1_163' title='bbox 628 2250 812 2322; x_wconf 80' lang='lat' dir='ltr'>auctoritate,</span> <span class='ocrx_word' id='word_1_164' title='bbox 823 2264 854 2312; x_wconf 87' lang='lat' dir='ltr'>et</span> <span class='ocrx_word' id='word_1_165' title='bbox 866 2265 972 2312; x_wconf 87' lang='lat' dir='ltr'>eorum</span> <span class='ocrx_word' id='word_1_166' title='bbox 981 2253 1152 2324; x_wconf 89' lang='lat' dir='ltr'>illustrium,</span> 
     </span>
     <span class='ocr_line' id='line_1_21' title="bbox 198 2336 1154 2428; baseline 0.003 -22"><span class='ocrx_word' id='word_1_167' title='bbox 198 2351 276 2428; x_wconf 89' lang='lat' dir='ltr'>plus,</span> <span class='ocrx_word' id='word_1_168' title='bbox 289 2347 392 2407; x_wconf 88' lang='lat' dir='ltr'>nescio</span> <span class='ocrx_word' id='word_1_169' title='bbox 405 2367 465 2425; x_wconf 92' lang='lat' dir='ltr'>quo</span> <span class='ocrx_word' id='word_1_170' title='bbox 478 2359 575 2424; x_wconf 84' lang='lat' dir='ltr'>pecte,</span> <span class='ocrx_word' id='word_1_171' title='bbox 589 2346 707 2404; x_wconf 86' lang='lat' dir='ltr'>videtur</span> <span class='ocrx_word' id='word_1_172' title='bbox 720 2348 830 2402; x_wconf 84' lang='lat' dir='ltr'>habere</span> <span class='ocrx_word' id='word_1_173' title='bbox 844 2347 1004 2422; x_wconf 79' lang='lat' dir='ltr'>gravitatis.</span> <span class='ocrx_word' id='word_1_174' title='bbox 1046 2336 1154 2426; x_wconf 63' lang='lat' dir='ltr'>Itaque</span> 
     </span>
     <span class='ocr_line' id='line_1_22' title="bbox 199 2433 1154 2523; baseline 0.001 -21"><span class='ocrx_word' id='word_1_175' title='bbox 199 2444 265 2523; x_wconf 90' lang='lat' dir='ltr'>ipse</span> <span class='ocrx_word' id='word_1_176' title='bbox 275 2463 343 2502; x_wconf 85' lang='lat' dir='ltr'>mea</span> <span class='ocrx_word' id='word_1_177' title='bbox 352 2445 458 2520; x_wconf 89' lang='lat' dir='ltr'>legens</span> <span class='ocrx_word' id='word_1_178' title='bbox 472 2440 515 2499; x_wconf 90' lang='lat' dir='ltr'>sic</span> <span class='ocrx_word' id='word_1_179' title='bbox 529 2440 641 2498; x_wconf 87' lang='lat' dir='ltr'>afficior</span> <span class='ocrx_word' id='word_1_180' title='bbox 650 2433 810 2509; x_wconf 86' lang='lat' dir='ltr'>interdum,</span> <span class='ocrx_word' id='word_1_181' title='bbox 820 2453 854 2498; x_wconf 90' lang='lat' dir='ltr'>ut</span> <span class='ocrx_word' id='word_1_182' title='bbox 863 2440 1021 2514; x_wconf 85' lang='lat' dir='ltr'>Catonem,</span> <span class='ocrx_word' id='word_1_183' title='bbox 1032 2463 1092 2502; x_wconf 90' lang='lat' dir='ltr'>non</span> <span class='ocrx_word' id='word_1_184' title='bbox 1102 2463 1154 2503; x_wconf 89' lang='lat' dir='ltr'>me</span> 
     </span>
     <span class='ocr_line' id='line_1_23' title="bbox 199 2533 1154 2613; baseline 0.001 -17"><span class='ocrx_word' id='word_1_185' title='bbox 199 2537 283 2613; x_wconf 89' lang='lat' dir='ltr'>loqui</span> <span class='ocrx_word' id='word_1_186' title='bbox 297 2537 472 2594; x_wconf 88' lang='lat' dir='ltr'>existimem.</span> <span class='ocrx_word' id='word_1_187' title='bbox 512 2539 539 2592; x_wconf 87' lang='lat'>5.</span> <span class='ocrx_word' id='word_1_188' title='bbox 557 2534 629 2604; x_wconf 87' lang='lat' dir='ltr'>Sed,</span> <span class='ocrx_word' id='word_1_189' title='bbox 643 2547 676 2592; x_wconf 91' lang='lat' dir='ltr'>ut</span> <span class='ocrx_word' id='word_1_190' title='bbox 691 2547 753 2592; x_wconf 90' lang='lat' dir='ltr'>tum</span> <span class='ocrx_word' id='word_1_191' title='bbox 772 2533 809 2593; x_wconf 89' lang='lat' dir='ltr'>ad</span> <span class='ocrx_word' id='word_1_192' title='bbox 826 2555 927 2594; x_wconf 89' lang='lat' dir='ltr'>senem</span> <span class='ocrx_word' id='word_1_193' title='bbox 944 2556 1035 2595; x_wconf 85' lang='lat' dir='ltr'>senex</span> <span class='ocrx_word' id='word_1_194' title='bbox 1052 2537 1091 2596; x_wconf 89' lang='lat' dir='ltr'>de</span> <span class='ocrx_word' id='word_1_195' title='bbox 1107 2559 1154 2597; x_wconf 90' lang='lat' dir='ltr'>se·</span> 
     </span>
     <span class='ocr_line' id='line_1_24' title="bbox 201 2623 1155 2700; baseline 0.002 -11"><span class='ocrx_word' id='word_1_196' title='bbox 201 2643 335 2700; x_wconf 54' lang='lat' dir='ltr'>nectuter</span> <span class='ocrx_word' id='word_1_197' title='bbox 344 2630 387 2688; x_wconf 90' lang='lat' dir='ltr'>sic</span> <span class='ocrx_word' id='word_1_198' title='bbox 399 2629 456 2687; x_wconf 93' lang='lat' dir='ltr'>hoc</span> <span class='ocrx_word' id='word_1_199' title='bbox 469 2628 545 2686; x_wconf 87' lang='lat' dir='ltr'>libro</span> <span class='ocrx_word' id='word_1_200' title='bbox 559 2627 597 2687; x_wconf 85' lang='lat' dir='ltr'>ad</span> <span class='ocrx_word' id='word_1_201' title='bbox 611 2629 739 2688; x_wconf 85' lang='lat' dir='ltr'>amicum</span> <span class='ocrx_word' id='word_1_202' title='bbox 756 2629 951 2690; x_wconf 87' lang='lat' dir='ltr'>amicissimus</span> <span class='ocrx_word' id='word_1_203' title='bbox 967 2631 1006 2690; x_wconf 90' lang='lat' dir='ltr'>de</span> <span class='ocrx_word' id='word_1_204' title='bbox 1024 2623 1155 2692; x_wconf 84' lang='lat' dir='ltr'>amicitia</span> 
     </span>
     <span class='ocr_line' id='line_1_25' title="bbox 202 2720 1155 2800; baseline 0.002 -19"><span class='ocrx_word' id='word_1_205' title='bbox 202 2721 316 2800; x_wconf 83' lang='lat' dir='ltr'>scripsi.</span> <span class='ocrx_word' id='word_1_206' title='bbox 359 2720 436 2779; x_wconf 90' lang='lat' dir='ltr'>Tum</span> <span class='ocrx_word' id='word_1_207' title='bbox 451 2732 495 2778; x_wconf 88' lang='lat' dir='ltr'>est</span> <span class='ocrx_word' id='word_1_208' title='bbox 506 2720 582 2779; x_wconf 82' lang='lat' dir='ltr'>Oa&#39;to</span> <span class='ocrx_word' id='word_1_209' title='bbox 593 2721 717 2790; x_wconf 89' lang='lat' dir='ltr'>locutus,</span> <span class='ocrx_word' id='word_1_210' title='bbox 729 2741 788 2799; x_wconf 93' lang='lat' dir='ltr'>quo</span> <span class='ocrx_word' id='word_1_211' title='bbox 801 2735 865 2780; x_wconf 88' lang='lat' dir='ltr'>erat</span> <span class='ocrx_word' id='word_1_212' title='bbox 878 2743 965 2781; x_wconf 88' lang='lat' dir='ltr'>nemo</span> <span class='ocrx_word' id='word_1_213' title='bbox 979 2721 1041 2782; x_wconf 83' lang='lat' dir='ltr'>fere</span> <span class='ocrx_word' id='word_1_214' title='bbox 1054 2725 1155 2784; x_wconf 89' lang='lat' dir='ltr'>senior</span> 
     </span>
     <span class='ocr_line' id='line_1_26' title="bbox 201 2813 1154 2897; baseline 0.005 -23"><span class='ocrx_word' id='word_1_215' title='bbox 201 2815 385 2894; x_wconf 89' lang='lat' dir='ltr'>temporibus</span> <span class='ocrx_word' id='word_1_216' title='bbox 395 2815 462 2884; x_wconf 89' lang='lat' dir='ltr'>illis,</span> <span class='ocrx_word' id='word_1_217' title='bbox 473 2835 562 2874; x_wconf 89' lang='lat' dir='ltr'>nemo</span> <span class='ocrx_word' id='word_1_218' title='bbox 572 2813 761 2893; x_wconf 84' lang='lat' dir='ltr'>prudentior:</span> <span class='ocrx_word' id='word_1_219' title='bbox 778 2837 857 2876; x_wconf 88' lang='lat' dir='ltr'>nunc</span> <span class='ocrx_word' id='word_1_220' title='bbox 869 2817 982 2877; x_wconf 86' lang='lat' dir='ltr'>Laelius</span> <span class='ocrx_word' id='word_1_221' title='bbox 993 2831 1024 2876; x_wconf 90' lang='lat' dir='ltr'>et</span> <span class='ocrx_word' id='word_1_222' title='bbox 1034 2819 1154 2897; x_wconf 89' lang='lat' dir='ltr'>sapiens</span> 
     </span>
     <span class='ocr_line' id='line_1_27' title="bbox 204 2906 1153 2990; baseline 0.006 -23"><span class='ocrx_word' id='word_1_223' title='bbox 204 2911 259 2988; x_wconf 86' lang='lat' dir='ltr'>(sic</span> <span class='ocrx_word' id='word_1_224' title='bbox 282 2910 361 2968; x_wconf 89' lang='lat' dir='ltr'>enim</span> <span class='ocrx_word' id='word_1_225' title='bbox 384 2923 428 2968; x_wconf 90' lang='lat' dir='ltr'>est</span> <span class='ocrx_word' id='word_1_226' title='bbox 449 2910 578 2987; x_wconf 89' lang='lat' dir='ltr'>habitus)</span> <span class='ocrx_word' id='word_1_227' title='bbox 602 2924 632 2970; x_wconf 91' lang='lat' dir='ltr'>et</span> <span class='ocrx_word' id='word_1_228' title='bbox 656 2911 792 2970; x_wconf 81' lang='lat' dir='ltr'>amicitiae</span> <span class='ocrx_word' id='word_1_229' title='bbox 817 2906 912 2990; x_wconf 73' lang='lat' dir='ltr'>gloria</span> <span class='ocrx_word' id='word_1_230' title='bbox 935 2914 1091 2983; x_wconf 86' lang='lat' dir='ltr'>excellens,</span> <span class='ocrx_word' id='word_1_231' title='bbox 1113 2914 1153 2973; x_wconf 89' lang='lat' dir='ltr'>de</span> 
     </span>
     <span class='ocr_line' id='line_1_28' title="bbox 203 3005 1154 3087; baseline 0 -21"><span class='ocrx_word' id='word_1_232' title='bbox 203 3005 331 3066; x_wconf 82' lang='lat' dir='ltr'>amicitie</span> <span class='ocrx_word' id='word_1_233' title='bbox 354 3005 492 3082; x_wconf 90' lang='lat' dir='ltr'>loquitur.</span> <span class='ocrx_word' id='word_1_234' title='bbox 543 3005 592 3064; x_wconf 90' lang='lat' dir='ltr'>Tu</span> <span class='ocrx_word' id='word_1_235' title='bbox 615 3005 705 3066; x_wconf 87' lang='lat' dir='ltr'>velim</span> <span class='ocrx_word' id='word_1_236' title='bbox 729 3006 859 3064; x_wconf 86' lang='lat' dir='ltr'>animum</span> <span class='ocrx_word' id='word_1_237' title='bbox 881 3027 898 3066; x_wconf 85' lang='lat' dir='ltr'>a</span> <span class='ocrx_word' id='word_1_238' title='bbox 919 3013 977 3065; x_wconf 80' lang='lat' dir='ltr'>me&#39;</span> <span class='ocrx_word' id='word_1_239' title='bbox 990 3027 1154 3087; x_wconf 89' lang='lat' dir='ltr'>parumper</span> 
     </span>
     <span class='ocr_line' id='line_1_29' title="bbox 202 3100 1153 3180; baseline 0.002 -20"><span class='ocrx_word' id='word_1_240' title='bbox 202 3113 325 3171; x_wconf 85' lang='lat' dir='ltr'>avertes,</span> <span class='ocrx_word' id='word_1_241' title='bbox 344 3100 474 3160; x_wconf 86' lang='lat' dir='ltr'>Laelium</span> <span class='ocrx_word' id='word_1_242' title='bbox 493 3101 577 3180; x_wconf 87' lang='lat' dir='ltr'>loqui</span> <span class='ocrx_word' id='word_1_243' title='bbox 592 3101 691 3180; x_wconf 88' lang='lat' dir='ltr'>ipsum</span> <span class='ocrx_word' id='word_1_244' title='bbox 711 3115 808 3180; x_wconf 89' lang='lat' dir='ltr'>putes.</span> <span class='ocrx_word' id='word_1_245' title='bbox 861 3102 896 3161; x_wconf 82' lang='grc' dir='ltr'>Ο.</span> <span class='ocrx_word' id='word_1_246' title='bbox 907 3103 1039 3162; x_wconf 85' lang='lat' dir='ltr'>Fannius</span> <span class='ocrx_word' id='word_1_247' title='bbox 1053 3112 1098 3162; x_wconf 82' lang='lat' dir='ltr'>&#39;et&#39;</span> <span class='ocrx_word' id='word_1_248' title='bbox 1112 3105 1153 3177; x_wconf 86' lang='lat' dir='ltr'>Q.</span> 
     </span>
     <span class='ocr_line' id='line_1_30' title="bbox 202 3189 1154 3276; baseline 0.002 -20"><span class='ocrx_word' id='word_1_249' title='bbox 202 3197 323 3256; x_wconf 89' lang='lat' dir='ltr'>Mucius</span> <span class='ocrx_word' id='word_1_250' title='bbox 337 3196 374 3254; x_wconf 87' lang='lat' dir='ltr'>sd</span> <span class='ocrx_word' id='word_1_251' title='bbox 389 3203 525 3255; x_wconf 86' lang='lat' dir='ltr'>socerum</span> <span class='ocrx_word' id='word_1_252' title='bbox 538 3195 659 3262; x_wconf 77' lang='lat' dir='ltr'>veniunt</span> <span class='ocrx_word' id='word_1_253' title='bbox 671 3209 737 3276; x_wconf 87' lang='lat' dir='ltr'>post</span> <span class='ocrx_word' id='word_1_254' title='bbox 751 3209 876 3256; x_wconf 89' lang='lat' dir='ltr'>mortem</span> <span class='ocrx_word' id='word_1_255' title='bbox 886 3189 1038 3257; x_wconf 83' lang='lat' dir='ltr'>Africani:</span> <span class='ocrx_word' id='word_1_256' title='bbox 1057 3199 1094 3257; x_wconf 85' lang='lat' dir='ltr'>ab</span> <span class='ocrx_word' id='word_1_257' title='bbox 1105 3199 1154 3259; x_wconf 91' lang='lat' dir='ltr'>his</span> 
     </span>
     <span class='ocr_line' id='line_1_31' title="bbox 201 3291 1155 3371; baseline 0.003 -20"><span class='ocrx_word' id='word_1_258' title='bbox 201 3312 302 3352; x_wconf 89' lang='lat' dir='ltr'>sermo</span> <span class='ocrx_word' id='word_1_259' title='bbox 316 3291 426 3364; x_wconf 73' lang='lat' dir='ltr'>oritur,</span> <span class='ocrx_word' id='word_1_260' title='bbox 448 3291 607 3370; x_wconf 83' lang='lat' dir='ltr'>respondet</span> <span class='ocrx_word' id='word_1_261' title='bbox 627 3291 748 3364; x_wconf 80' lang='lat' dir='ltr'>Laelius,</span> <span class='ocrx_word' id='word_1_262' title='bbox 768 3293 851 3371; x_wconf 85' lang='lat' dir='ltr'>cujus</span> <span class='ocrx_word' id='word_1_263' title='bbox 865 3304 927 3350; x_wconf 89' lang='lat' dir='ltr'>tota</span> <span class='ocrx_word' id='word_1_264' title='bbox 938 3291 1094 3371; x_wconf 82' lang='lat' dir='ltr'>disputatio</span> <span class='ocrx_word' id='word_1_265' title='bbox 1108 3307 1155 3354; x_wconf 88' lang='lat' dir='ltr'>est</span> 
     </span>
     <span class='ocr_line' id='line_1_32' title="bbox 202 3385 994 3466; baseline 0 -20"><span class='ocrx_word' id='word_1_266' title='bbox 202 3387 241 3446; x_wconf 89' lang='lat' dir='ltr'>de</span> <span class='ocrx_word' id='word_1_267' title='bbox 256 3386 392 3459; x_wconf 88' lang='lat' dir='ltr'>amicitia,</span> <span class='ocrx_word' id='word_1_268' title='bbox 406 3407 494 3465; x_wconf 86' lang='lat' dir='ltr'>quarn</span> <span class='ocrx_word' id='word_1_269' title='bbox 508 3388 611 3466; x_wconf 86' lang='lat' dir='ltr'>legens</span> <span class='ocrx_word' id='word_1_270' title='bbox 625 3399 657 3445; x_wconf 90' lang='lat' dir='ltr'>tu</span> <span class='ocrx_word' id='word_1_271' title='bbox 665 3385 702 3444; x_wconf 69' lang='lat' dir='ltr'>&#39;te</span> <span class='ocrx_word' id='word_1_272' title='bbox 715 3387 812 3465; x_wconf 90' lang='lat' dir='ltr'>ipsum</span> <span class='ocrx_word' id='word_1_273' title='bbox 827 3407 994 3466; x_wconf 87' lang='lat' dir='ltr'>cognosces.</span> 
     </span>
    </p>
   </div>
   <div class='ocr_carea' id='block_1_3' title="bbox 202 3572 1165 3847">
    <p class='ocr_par' dir='ltr' id='par_1_3' title="bbox 202 3572 1165 3847">
     <span class='ocr_line' id='line_1_33' title="bbox 241 3572 1156 3656; baseline 0.003 -22"><span class='ocrx_word' id='word_1_274' title='bbox 241 3576 498 3656; x_wconf 35' lang='lat' dir='ltr'>II..6.·Fsruu1ns.</span> <span class='ocrx_word' id='word_1_275' title='bbox 520 3577 596 3638; x_wconf 87' lang='lat' dir='ltr'>Sunt</span> <span class='ocrx_word' id='word_1_276' title='bbox 611 3576 678 3647; x_wconf 91' lang='lat' dir='ltr'>ista,</span> <span class='ocrx_word' id='word_1_277' title='bbox 693 3576 786 3636; x_wconf 84' lang='lat' dir='ltr'>Laelil</span> <span class='ocrx_word' id='word_1_278' title='bbox 811 3572 870 3642; x_wconf 78' lang='lat' dir='ltr'>nec</span> <span class='ocrx_word' id='word_1_279' title='bbox 888 3577 969 3635; x_wconf 89' lang='lat' dir='ltr'>enim</span> <span class='ocrx_word' id='word_1_280' title='bbox 986 3577 1093 3636; x_wconf 87' lang='lat' dir='ltr'>melior</span> <span class='ocrx_word' id='word_1_281' title='bbox 1108 3579 1156 3637; x_wconf 84' lang='lat' dir='ltr'>vir</span> 
     </span>
     <span class='ocr_line' id='line_1_34' title="bbox 202 3668 1154 3751; baseline 0.006 -25"><span class='ocrx_word' id='word_1_282' title='bbox 202 3668 406 3731; x_wconf 83' lang='lat' dir='ltr'>fuitAfricano</span> <span class='ocrx_word' id='word_1_283' title='bbox 414 3673 578 3751; x_wconf 90' lang='lat' dir='ltr'>quisquam,</span> <span class='ocrx_word' id='word_1_284' title='bbox 587 3693 643 3731; x_wconf 92' lang='lat' dir='ltr'>nec</span> <span class='ocrx_word' id='word_1_285' title='bbox 652 3672 768 3732; x_wconf 85' lang='lat' dir='ltr'>clarior.</span> <span class='ocrx_word' id='word_1_286' title='bbox 800 3671 861 3731; x_wconf 90' lang='lat' dir='ltr'>Sed</span> <span class='ocrx_word' id='word_1_287' title='bbox 871 3671 1041 3732; x_wconf 84' lang='lat' dir='ltr'>existimare</span> <span class='ocrx_word' id='word_1_288' title='bbox 1050 3671 1154 3743; x_wconf 89' lang='lat' dir='ltr'>debes,</span> 
     </span>
     <span class='ocr_line' id='line_1_35' title="bbox 204 3764 1165 3847; baseline 0.005 -25"><span class='ocrx_word' id='word_1_289' title='bbox 204 3764 335 3824; x_wconf 91' lang='lat' dir='ltr'>omnium</span> <span class='ocrx_word' id='word_1_290' title='bbox 347 3768 448 3826; x_wconf 84' lang='lat' dir='ltr'>oculos</span> <span class='ocrx_word' id='word_1_291' title='bbox 458 3785 538 3827; x_wconf 90' lang='lat' dir='ltr'>nunc</span> <span class='ocrx_word' id='word_1_292' title='bbox 549 3767 580 3826; x_wconf 91' lang='lat' dir='ltr'>in</span> <span class='ocrx_word' id='word_1_293' title='bbox 590 3778 620 3827; x_wconf 89' lang='lat' dir='ltr'>te</span> <span class='ocrx_word' id='word_1_294' title='bbox 629 3787 697 3828; x_wconf 86' lang='lat' dir='ltr'>esse</span> <span class='ocrx_word' id='word_1_295' title='bbox 708 3768 869 3847; x_wconf 84' lang='lat' dir='ltr'>conjectos3</span> <span class='ocrx_word' id='word_1_296' title='bbox 888 3788 980 3827; x_wconf 88' lang='lat' dir='ltr'>uuum</span> <span class='ocrx_word' id='word_1_297' title='bbox 994 3779 1023 3828; x_wconf 88' lang='lat' dir='ltr'>te</span> <span class='ocrx_word' id='word_1_298' title='bbox 1037 3768 1165 3846; x_wconf 85' lang='lat' dir='ltr'>sapien·-</span> 
     </span>
    </p>
   </div>
   <div class='ocr_carea' id='block_1_4' title="bbox 0 0 1348 4508">
    <p class='ocr_par' dir='ltr' id='par_1_4' title="bbox 0 0 1348 4508">
     <span class='ocr_line' id='line_1_36' title="bbox 0 0 1348 4508; baseline 0 0"><span class='ocrx_word' id='word_1_299' title='bbox 0 0 1348 4508; x_wconf 95' lang='lat' dir='ltr'> </span> 
     </span>
    </p>
   </div>
  </div>
 </body>
</html>
