2664 4508
368 477 439 518 srvs
457 478 497 518 nr
515 476 820 520 serrorum—cnr.
833 479 924 520 xxm.
1083 466 1120 522 sl

174 603 275 673 veiim,
290 606 372 682 quasi
387 606 511 664 decurso
529 608 634 685 spatio,
649 607 687 665 ud
702 627 836 666 carceres
851 629 869 666 s
882 610 966 667 calce
982 609 1123 669 revocari.

74 701 80 710 '
175 703 222 756 84.
240 699 325 771 Quid
342 701 420 758 enim
434 702 524 759 habet
539 703 599 759 vite
616 702 785 760 commodi?
807 703 879 780 quid
895 723 952 760 non
970 705 1067 781 potius
1083 707 1123 762 la-

173 793 277 852 borisi
318 794 380 852 Sed
394 795 502 852 habeat
519 815 606 865 sene;
629 796 719 853 hebet
731 809 814 854 certe
827 809 925 855 tamen
940 811 990 855 aut
1006 799 1123 856 sutieta-

173 901 244 958 tem,
260 902 309 948 sut
325 889 454 948 modum.
495 890 564 947 Non
579 890 653 948 libet
670 890 748 948 enim
766 890 837 948 mihi
851 890 1008 969 deplorare
1024 891 1123 961 vitam,

174 984 255 1062 quod
272 985 364 1054 multi,
379 997 409 1043 et
422 985 443 1041 ii
457 984 546 1053 docti,
562 1004 644 1063 saepe
660 984 812 1044 feceruntz
833 1005 931 1062 neque
948 1005 996 1043 me
1013 986 1124 1043 vixisse

165 1079 309 1156 poenitet,
320 1080 458 1154 quonium
472 1079 514 1136 ite
526 1078 597 1148 rixi,
609 1091 642 1136 ut
655 1098 714 1137 non
723 1079 833 1137 frustra
845 1100 894 1137 me
909 1092 1008 1137 natum
1024 1079 1123 1138 existi·

172 1193 272 1232 mem:
297 1186 327 1230 et
347 1193 386 1230 ex
402 1173 462 1231 vitu
478 1173 519 1229 ite
534 1172 666 1242 discedo,
682 1185 832 1250 tamquam
852 1194 892 1232 ex
908 1174 1048 1252 hospitio,
1064 1195 1125 1232 non

172 1281 325 1344 tamquam
346 1288 385 1325 ex
406 1267 504 1325 durno.
545 1268 758 1326 commorandi
776 1270 855 1326 enim
876 1282 980 1328 nature
996 1270 1146 1328 diverso·

172 1362 252 1420 rium
266 1363 359 1431 nobis,
369 1381 427 1418 non
437 1361 590 1420 habitandi
602 1361 693 1420 dedit.
734 1362 762 1421 Ο
772 1365 948 1441 praecierum
960 1363 1048 1432 diem,
1058 1385 1125 1421 cum

174 1455 212 1514 ud
227 1455 299 1513 illud
311 1455 443 1512 divinum
460 1455 625 1513 animorum
640 1455 797 1514 concilium
811 1469 981 1533 coetumque
996 1458 1125 1534 proficis·

174 1571 232 1620 car,
248 1571 374 1626 cumque
388 1570 428 1608 ex
442 1551 497 1607 huc
514 1550 602 1607 turbs
618 1563 649 1607 et
666 1551 831 1609 colluvione
846 1551 1015 1610 discedam!
1038 1554 1125 1630 profi·

175 1647 268 1704 ciscur
284 1646 364 1702 enim
380 1665 439 1702 non
457 1644 494 1703 ad
508 1664 560 1702 eos
574 1645 666 1702 solum
682 1645 769 1714 viros,
785 1645 823 1704 do
838 1646 944 1724 quibus
959 1661 1026 1704 ante
1040 1647 1123 1718 dixi;

173 1760 277 1799 verum
299 1741 391 1798 etiam
413 1740 450 1799 ed
469 1740 614 1798 Catonern
637 1760 746 1808 meum,
765 1760 824 1817 quo
844 1761 933 1800 nemo
953 1741 1000 1799 vir
1019 1743 1125 1800 melior

174 1849 259 1894 natus
280 1848 332 1906 est,
350 1855 439 1893 uerno
455 1835 564 1912 pietate
581 1834 785 1912 praestantior!
812 1836 896 1912 cujus
914 1856 931 1894 a
948 1855 995 1892 me
1016 1855 1124 1913 corpus

175 1943 337 1988 crematum
351 1942 396 1987 est
411 1928 504 2006 (quod
515 1941 614 1986 contra
625 1928 727 1986 decuit
742 1929 840 1987 abillo
853 1931 968 2005 meum)
981 1953 988 1988 :
1008 1931 1124 1988 animus

172 2046 247 2084 vero
261 2044 320 2082 nou
333 2044 381 2082 me
394 2024 545 2091 deserens,
560 2022 611 2080 sed
625 2037 807 2101 respectans,
817 2023 849 2080 in
862 2044 898 2081 es
911 2025 1045 2101 profecto
1058 2025 1125 2084 loce

174 2123 319 2190 discessit,
333 2141 392 2198 quo
406 2121 478 2179 mihi
492 2120 551 2199 ipsi
566 2121 707 2178 cernebat
721 2141 787 2178 esse
800 2121 985 2180 veniendum.
1020 2120 1124 2192 Quem

173 2238 233 2296 ego
247 2235 345 2274 meum
360 2236 459 2274 cesum
473 2214 588 2272 fortiter
600 2212 678 2272 ferro
692 2214 773 2272 visus
787 2234 853 2271 sum
863 2233 871 2271 ε
878 2233 950 2299 ,που
966 2235 1025 2291 quo
1038 2235 1124 2292 aequo

174 2313 274 2372 animo
291 2312 398 2369 ferrern
408 2334 416 2382 ;
442 2311 495 2369 sed
513 2329 561 2367 nro
578 2309 643 2387 ipse
660 2308 847 2376 consolabar,
864 2308 1045 2374 existimans,
1064 2328 1125 2366 non

172 2408 367 2486 longinquum
376 2406 512 2464 internos
520 2404 685 2482 digressum
694 2415 725 2460 et
733 2401 894 2460 discessum
904 2400 974 2460 fore.
1006 2406 1054 2459 85.
1066 2401 1124 2459 His

172 2503 245 2562 mihi
258 2503 358 2570 rebus,
371 2500 472 2579 Scipio
488 2500 530 2577 (id
545 2499 623 2556 enirn
638 2510 667 2556 te
681 2518 747 2556 cum
761 2498 856 2556 Laelio
871 2496 1011 2556 admirari
1025 2498 1124 2556 solere

173 2597 297 2676 dixisti),
315 2597 388 2655 levis
410 2607 456 2654 est
479 2607 624 2663 senectus,
640 2613 697 2651 nec
720 2594 817 2652 solum
838 2613 895 2650 nou
920 2593 1054 2662 molesto,
1071 2593 1124 2651 sed

172 2694 263 2753 etiarn
272 2691 417 2770 jucunda.
458 2689 552 2761 Quod
566 2689 591 2747 si
605 2689 634 2745 in
650 2690 706 2746 hoc
721 2709 797 2756 erro,
813 2687 891 2766 quod
906 2687 1018 2746 unimus
1032 2689 1124 2746 homi·

170 2808 244 2846 num
266 2786 446 2844 immortales
471 2804 535 2842 esse
559 2783 691 2850 credam,
708 2782 835 2840 libenter
859 2802 948 2853 erro;·
973 2803 1029 2841 nec
1051 2783 1124 2839 mihi
1155 2807 1159 2814 ·

170 2883 251 2940 hunc
271 2900 411 2949 errorem,
429 2899 488 2956 quo
509 2878 648 2944 delector,
666 2878 737 2935 dum
756 2877 833 2948 vivo,
851 2878 1022 2954 extorqueri
1039 2879 1122 2935 volnt

171 2975 217 3034 sin
238 2988 379 3043 mortuus,
397 2985 429 3033 ut
450 2973 572 3049 quidum
592 2971 698 3030 minuti
715 2972 881 3051 philosophi
902 2985 1032 3050 censent,
1050 2972 1123 3028 nihil

171 3071 304 3138 sentiam,
318 3089 379 3126 non
393 3087 509 3136 vereor,
523 3087 562 3124 ne
575 3067 654 3124 hunc
671 3085 802 3124 errorem
820 3086 919 3124 meum
938 3065 1045 3122 mortui
1059 3066 1123 3142 phi·

171 3166 288 3243 losophi
301 3163 449 3222 irrideant.
491 3161 582 3234 Quod
597 3162 622 3220 si
636 3182 695 3220 non
711 3183 813 3220 sumus
827 3162 1007 3219 immortales
1020 3160 1122 3253 futuri,

170 3272 269 3316 tamen
288 3258 436 3336 exstingui
448 3256 561 3316 homini
575 3277 628 3315 suo
644 3270 780 3336 tempore
799 3256 932 3334 optabile
947 3269 1000 3313 est.
1041 3255 1123 3312 Nam

170 3354 262 3412 hebet
278 3343 391 3424 natura,
406 3366 438 3411 ut
455 3351 579 3411 aliarum
597 3352 729 3410 omnium
745 3371 855 3418 rerum,
871 3351 913 3407 sio
927 3349 1047 3408 vivendi
1061 3368 1122 3404 mo-

170 3450 253 3507 dum.
294 3449 438 3507 Senectus
460 3461 559 3507 autem
580 3447 676 3506 aetatis
697 3460 741 3504 est
758 3445 899 3522 peractio,
914 3457 1065 3516 tamquam
1081 3441 1122 3497 fa·

169 3546 266 3604 bulae:
291 3544 376 3622 cujus
397 3542 638 3620 defatigationem
660 3540 764 3616 fugere
785 3534 1122 3612 debemus,praese1tim

170 3639 461 3720 adjunctssntietnte.
494 3633 679 3701 Haechsbui‚
689 3631 727 3689 de
737 3640 890 3688 senectute
899 3649 965 3705 quae
974 3628 1120 3698 dicerem3

169 3736 207 3797 ed
223 3756 311 3814 quum
329 3734 441 3793 utinam
455 3727 655 3811 perveniatis!
678 3738 711 3785 nt
727 3745 772 3795 ee,
786 3743 853 3801 quae
870 3743 909 3783 ex
925 3743 973 3782 me
991 3722 1121 3796 audistis,

168 3851 202 3891 re
217 3829 335 3909 experti
349 3828 477 3906 probare
491 3822 615 3903 possitis.
