<?xml version="1.0" encoding="UTF-8"?>
<!DOCTYPE html PUBLIC "-//W3C//DTD XHTML 1.0 Transitional//EN"
    "http://www.w3.org/TR/xhtml1/DTD/xhtml1-transitional.dtd">
<html xmlns="http://www.w3.org/1999/xhtml" xml:lang="en" lang="en">
 <head>
  <title>
</title>
<meta http-equiv="Content-Type" content="text/html;charset=utf-8" />
  <meta name='ocr-system' content='tesseract 3.04.00' />
  <meta name='ocr-capabilities' content='ocr_page ocr_carea ocr_par ocr_line ocrx_word'/>
</head>
<body>
  <div class='ocr_page' id='page_1' title='image "./desenectutedeam00anthgoog_0109.png"; bbox 0 0 2698 4508; ppageno 0'>
   <div class='ocr_carea' id='block_1_1' title="bbox 206 431 809 492">
    <p class='ocr_par' dir='ltr' id='par_1_1' title="bbox 206 431 809 492">
     <span class='ocr_line' id='line_1_1' title="bbox 206 431 809 492; baseline -0.012 -11"><span class='ocrx_word' id='word_1_1' title='bbox 206 431 250 492; x_wconf 63' lang='grc' dir='ltr'><strong>Μ</strong></span> <span class='ocrx_word' id='word_1_2' title='bbox 552 439 584 479; x_wconf 82' lang='lat' dir='ltr'>u.</span> <span class='ocrx_word' id='word_1_3' title='bbox 601 437 630 478; x_wconf 81' lang='grc' dir='ltr'>τ.</span> <span class='ocrx_word' id='word_1_4' title='bbox 647 433 809 478; x_wconf 82' lang='lat' dir='ltr'>cronnosre</span> 
     </span>
    </p>
   </div>
   <div class='ocr_carea' id='block_1_2' title="bbox 200 557 1157 1505">
    <p class='ocr_par' dir='ltr' id='par_1_2' title="bbox 200 557 1157 1505">
     <span class='ocr_line' id='line_1_2' title="bbox 205 557 1154 654; baseline -0.014 -21"><span class='ocrx_word' id='word_1_5' title='bbox 205 572 462 654; x_wconf 64' lang='lat' dir='ltr'>culpmmsernire.</span> <span class='ocrx_word' id='word_1_6' title='bbox 503 568 539 624; x_wconf 92' lang='lat' dir='ltr'>In</span> <span class='ocrx_word' id='word_1_7' title='bbox 552 567 721 624; x_wconf 82' lang='lat' dir='ltr'>libertatem</span> <span class='ocrx_word' id='word_1_8' title='bbox 734 557 876 622; x_wconf 83' lang='lat' dir='ltr'>vindi&#39;onri</span> <span class='ocrx_word' id='word_1_9' title='bbox 891 563 976 621; x_wconf 85' lang='lat' dir='ltr'>vultl</span> <span class='ocrx_word' id='word_1_10' title='bbox 1016 557 1154 620; x_wconf 54' lang='lat' dir='ltr'>Minime*</span> 
     </span>
     <span class='ocr_line' id='line_1_3' title="bbox 206 655 1151 748; baseline -0.016 -21"><span class='ocrx_word' id='word_1_11' title='bbox 206 670 290 741; x_wconf 82' lang='lat' dir='ltr'>Quid</span> <span class='ocrx_word' id='word_1_12' title='bbox 306 667 385 725; x_wconf 86' lang='lat' dir='ltr'>euim</span> <span class='ocrx_word' id='word_1_13' title='bbox 406 662 561 740; x_wconf 81' lang='lat' dir='ltr'>adjungitl</span> <span class='ocrx_word' id='word_1_14' title='bbox 607 661 675 719; x_wconf 71' lang='lat' dir='ltr'>Nisi</span> <span class='ocrx_word' id='word_1_15' title='bbox 691 660 771 718; x_wconf 80' lang='lat' dir='ltr'>vobis</span> <span class='ocrx_word' id='word_1_16' title='bbox 790 659 938 748; x_wconf 64' lang='lat' dir='ltr'>unientis.</span> <span class='ocrx_word' id='word_1_17' title='bbox 987 655 1151 715; x_wconf 87' lang='lat' dir='ltr'>Dominum</span> 
     </span>
     <span class='ocr_line' id='line_1_4' title="bbox 204 751 1152 831; baseline -0.011 -11"><span class='ocrx_word' id='word_1_18' title='bbox 204 776 326 829; x_wconf 83' lang='lat' dir='ltr'>mutare,</span> <span class='ocrx_word' id='word_1_19' title='bbox 339 778 398 817; x_wconf 89' lang='lat' dir='ltr'>non</span> <span class='ocrx_word' id='word_1_20' title='bbox 414 758 490 816; x_wconf 88' lang='lat' dir='ltr'>liber</span> <span class='ocrx_word' id='word_1_21' title='bbox 506 775 572 814; x_wconf 87' lang='lat' dir='ltr'>esse</span> <span class='ocrx_word' id='word_1_22' title='bbox 589 756 658 814; x_wconf 88' lang='lat' dir='ltr'>vult.</span> <span class='ocrx_word' id='word_1_23' title='bbox 701 755 813 830; x_wconf 79' lang='lat' dir='ltr'>Quibus</span> <span class='ocrx_word' id='word_1_24' title='bbox 829 765 856 812; x_wconf 84' lang='lat' dir='ltr'>et</span> <span class='ocrx_word' id='word_1_25' title='bbox 866 771 1017 831; x_wconf 75' lang='lat' dir='ltr'>pessumus</span> <span class='ocrx_word' id='word_1_26' title='bbox 1033 764 1059 810; x_wconf 80' lang='lat' dir='ltr'>et</span> <span class='ocrx_word' id='word_1_27' title='bbox 1072 751 1152 810; x_wconf 83' lang='lat' dir='ltr'>debe·</span> 
     </span>
     <span class='ocr_line' id='line_1_5' title="bbox 203 847 1151 928; baseline -0.012 -13"><span class='ocrx_word' id='word_1_28' title='bbox 203 876 271 916; x_wconf 78' lang='lat' dir='ltr'>mur.</span> <span class='ocrx_word' id='word_1_29' title='bbox 309 853 374 910; x_wconf 86' lang='lat' dir='ltr'>Nos</span> <span class='ocrx_word' id='word_1_30' title='bbox 385 869 463 920; x_wconf 88' lang='lat' dir='ltr'>vero,</span> <span class='ocrx_word' id='word_1_31' title='bbox 474 850 498 908; x_wconf 86' lang='lat' dir='ltr'>si</span> <span class='ocrx_word' id='word_1_32' title='bbox 509 849 630 928; x_wconf 89' lang='lat' dir='ltr'>quidem</span> <span class='ocrx_word' id='word_1_33' title='bbox 644 849 742 908; x_wconf 78' lang='lat' dir='ltr'>animo</span> <span class='ocrx_word' id='word_1_34' title='bbox 753 851 873 908; x_wconf 83' lang='lat' dir='ltr'>excelso</span> <span class='ocrx_word' id='word_1_35' title='bbox 888 862 918 908; x_wconf 88' lang='lat' dir='ltr'>et</span> <span class='ocrx_word' id='word_1_36' title='bbox 931 851 989 908; x_wconf 83' lang='lat' dir='ltr'>alto</span> <span class='ocrx_word' id='word_1_37' title='bbox 1000 861 1031 907; x_wconf 88' lang='lat' dir='ltr'>et</span> <span class='ocrx_word' id='word_1_38' title='bbox 1040 847 1151 907; x_wconf 88' lang='lat' dir='ltr'>virtuti-</span> 
     </span>
     <span class='ocr_line' id='line_1_6' title="bbox 201 943 1153 1023; baseline -0.006 -17"><span class='ocrx_word' id='word_1_39' title='bbox 201 951 257 1006; x_wconf 88' lang='lat' dir='ltr'>bus</span> <span class='ocrx_word' id='word_1_40' title='bbox 270 959 451 1023; x_wconf 74' lang='lat' dir='ltr'>exaggerato</span> <span class='ocrx_word' id='word_1_41' title='bbox 466 965 577 1015; x_wconf 88' lang='lat' dir='ltr'>sumus,</span> <span class='ocrx_word' id='word_1_42' title='bbox 592 965 648 1004; x_wconf 87' lang='lat' dir='ltr'>neo</span> <span class='ocrx_word' id='word_1_43' title='bbox 661 945 815 1015; x_wconf 87' lang='lat' dir='ltr'>debemus,</span> <span class='ocrx_word' id='word_1_44' title='bbox 826 947 882 1003; x_wconf 72' lang='lat' dir='ltr'>neri</span> <span class='ocrx_word' id='word_1_45' title='bbox 895 965 1062 1023; x_wconf 85' lang='lat' dir='ltr'>possumus.</span> <span class='ocrx_word' id='word_1_46' title='bbox 1103 943 1153 1000; x_wconf 93' lang='lat' dir='ltr'>Tn</span> 
     </span>
     <span class='ocr_line' id='line_1_7' title="bbox 200 1037 1152 1120; baseline -0.003 -22"><span class='ocrx_word' id='word_1_47' title='bbox 200 1061 290 1120; x_wconf 83' lang='lat' dir='ltr'>posse</span> <span class='ocrx_word' id='word_1_48' title='bbox 302 1053 332 1098; x_wconf 92' lang='lat' dir='ltr'>te</span> <span class='ocrx_word' id='word_1_49' title='bbox 343 1040 444 1110; x_wconf 81' lang='lat' dir='ltr'><strong>dicito,</strong></span> <span class='ocrx_word' id='word_1_50' title='bbox 454 1040 725 1118; x_wconf 81' lang='lat' dir='ltr'>quoniamquidem</span> <span class='ocrx_word' id='word_1_51' title='bbox 736 1053 837 1118; x_wconf 82' lang='lat' dir='ltr'>potes:</span> <span class='ocrx_word' id='word_1_52' title='bbox 855 1040 966 1098; x_wconf 89' lang='lat' dir='ltr'>debere</span> <span class='ocrx_word' id='word_1_53' title='bbox 977 1059 1015 1097; x_wconf 87' lang='lat' dir='ltr'>ne</span> <span class='ocrx_word' id='word_1_54' title='bbox 1026 1037 1152 1108; x_wconf 88' lang='lat' dir='ltr'>dixeris;</span> 
     </span>
     <span class='ocr_line' id='line_1_8' title="bbox 200 1135 1154 1214; baseline -0.002 -22"><span class='ocrx_word' id='word_1_55' title='bbox 200 1135 339 1212; x_wconf 82' lang='lat' dir='ltr'>quoniam</span> <span class='ocrx_word' id='word_1_56' title='bbox 358 1136 431 1194; x_wconf 88' lang='lat' dir='ltr'>nihil</span> <span class='ocrx_word' id='word_1_57' title='bbox 448 1136 605 1214; x_wconf 84' lang='lat' dir='ltr'>quisquam</span> <span class='ocrx_word' id='word_1_58' title='bbox 620 1136 723 1206; x_wconf 83' lang='lat' dir='ltr'>debet,</span> <span class='ocrx_word' id='word_1_59' title='bbox 740 1136 796 1194; x_wconf 86' lang='lat' dir='ltr'>nisi</span> <span class='ocrx_word' id='word_1_60' title='bbox 814 1135 893 1213; x_wconf 88' lang='lat' dir='ltr'>quod</span> <span class='ocrx_word' id='word_1_61' title='bbox 915 1147 961 1194; x_wconf 86' lang='lat' dir='ltr'>est</span> <span class='ocrx_word' id='word_1_62' title='bbox 984 1147 1072 1212; x_wconf 82' lang='lat' dir='ltr'>turpe</span> <span class='ocrx_word' id='word_1_63' title='bbox 1095 1152 1154 1190; x_wconf 92' lang='lat' dir='ltr'>nou</span> 
     </span>
     <span class='ocr_line' id='line_1_9' title="bbox 200 1227 1154 1308; baseline -0.003 -20"><span class='ocrx_word' id='word_1_64' title='bbox 200 1229 339 1291; x_wconf 86' lang='lat' dir='ltr'>reddere.</span> <span class='ocrx_word' id='word_1_65' title='bbox 381 1232 449 1292; x_wconf 64' lang='lat' dir='ltr'>Sedv</span> <span class='ocrx_word' id='word_1_66' title='bbox 460 1233 523 1291; x_wconf 78' lang='lat' dir='ltr'>haee</span> <span class='ocrx_word' id='word_1_67' title='bbox 539 1233 690 1291; x_wconf 79' lang='lat' dir='ltr'>hacteuus.</span> <span class='ocrx_word' id='word_1_68' title='bbox 731 1231 789 1290; x_wconf 92' lang='lat' dir='ltr'>Ille</span> <span class='ocrx_word' id='word_1_69' title='bbox 805 1231 915 1301; x_wconf 84' lang='lat' dir='ltr'>vident,</span> <span class='ocrx_word' id='word_1_70' title='bbox 933 1229 1080 1308; x_wconf 77' lang='lat' dir='ltr'>quomode</span> <span class='ocrx_word' id='word_1_71' title='bbox 1097 1227 1154 1286; x_wconf 88' lang='lat' dir='ltr'>Im·</span> 
     </span>
     <span class='ocr_line' id='line_1_10' title="bbox 201 1325 1157 1409; baseline -0.003 -22"><span class='ocrx_word' id='word_1_72' title='bbox 201 1342 323 1406; x_wconf 77' lang='lat' dir='ltr'>perator</span> <span class='ocrx_word' id='word_1_73' title='bbox 339 1351 406 1390; x_wconf 81' lang='lat' dir='ltr'>esse</span> <span class='ocrx_word' id='word_1_74' title='bbox 422 1331 533 1409; x_wconf 83' lang='lat' dir='ltr'><strong>possit:</strong></span> <span class='ocrx_word' id='word_1_75' title='bbox 555 1350 649 1406; x_wconf 90' lang='lat' dir='ltr'>quum</span> <span class='ocrx_word' id='word_1_76' title='bbox 663 1349 733 1387; x_wconf 90' lang='lat' dir='ltr'>eurn</span> <span class='ocrx_word' id='word_1_77' title='bbox 749 1348 788 1386; x_wconf 91' lang='lat' dir='ltr'>ne</span> <span class='ocrx_word' id='word_1_78' title='bbox 802 1329 930 1386; x_wconf 86' lang='lat' dir='ltr'>liberum</span> <span class='ocrx_word' id='word_1_79' title='bbox 944 1325 1065 1403; x_wconf 88' lang='lat' dir='ltr'>quidem</span> <span class='ocrx_word' id='word_1_80' title='bbox 1091 1343 1157 1384; x_wconf 74' lang='lat' dir='ltr'>esse</span> 
     </span>
     <span class='ocr_line' id='line_1_11' title="bbox 200 1416 933 1505; baseline -0.003 -24"><span class='ocrx_word' id='word_1_81' title='bbox 200 1423 276 1482; x_wconf 72' lang='lat' dir='ltr'>ratio</span> <span class='ocrx_word' id='word_1_82' title='bbox 291 1439 321 1484; x_wconf 88' lang='lat' dir='ltr'>et</span> <span class='ocrx_word' id='word_1_83' title='bbox 334 1427 443 1484; x_wconf 80' lang='lat' dir='ltr'>veritas</span> <span class='ocrx_word' id='word_1_84' title='bbox 456 1426 523 1504; x_wconf 81' lang='lat' dir='ltr'>ipss</span> <span class='ocrx_word' id='word_1_85' title='bbox 537 1425 700 1482; x_wconf 79' lang='lat' dir='ltr'>convincet.</span> <span class='ocrx_word' id='word_1_86' title='bbox 717 1497 720 1505; x_wconf 94' lang='lat'>.</span> <span class='ocrx_word' id='word_1_87' title='bbox 930 1416 933 1420; x_wconf 68' lang='grc'><strong>’</strong></span> 
     </span>
    </p>
   </div>
   <div class='ocr_carea' id='block_1_3' title="bbox 183 1705 1198 3876">
    <p class='ocr_par' dir='ltr' id='par_1_3' title="bbox 476 1705 878 1953">
     <span class='ocr_line' id='line_1_12' title="bbox 508 1705 850 1754; baseline -0.012 -2"><span class='ocrx_word' id='word_1_88' title='bbox 508 1705 778 1754; x_wconf 76' lang='lat' dir='ltr'>PARADoon</span> <span class='ocrx_word' id='word_1_89' title='bbox 801 1705 850 1750; x_wconf 82' lang='lat' dir='ltr'>VI.</span> 
     </span>
     <span class='ocr_line' id='line_1_13' title="bbox 476 1795 856 1861; baseline -0.008 -17"><span class='ocrx_word' id='word_1_90' title='bbox 476 1799 531 1846; x_wconf 84' lang='grc' dir='ltr'>Ὀτι</span> <span class='ocrx_word' id='word_1_91' title='bbox 537 1797 614 1861; x_wconf 80' lang='grc' dir='ltr'><strong><em>μόνος</em></strong></span> <span class='ocrx_word' id='word_1_92' title='bbox 625 1795 638 1844; x_wconf 84' lang='grc' dir='ltr'><strong><em>ὀ</em></strong></span> <span class='ocrx_word' id='word_1_93' title='bbox 649 1795 721 1860; x_wconf 79' lang='grc' dir='ltr'>σοφὸς</span> <span class='ocrx_word' id='word_1_94' title='bbox 730 1795 856 1852; x_wconf 75' lang='grc' dir='ltr'><strong><em>πλούσιος.</em></strong></span> 
     </span>
     <span class='ocr_line' id='line_1_14' title="bbox 478 1888 878 1953; baseline -0.008 -15"><span class='ocrx_word' id='word_1_95' title='bbox 478 1889 702 1953; x_wconf 73' lang='lat' dir='ltr'>Solumenps&#39;entem</span> <span class='ocrx_word' id='word_1_96' title='bbox 714 1903 765 1938; x_wconf 75' lang='lat' dir='ltr'>esse</span> <span class='ocrx_word' id='word_1_97' title='bbox 776 1888 878 1938; x_wconf 76' lang='lat' dir='ltr'>divitem.</span> 
     </span>
    </p>

    <p class='ocr_par' dir='ltr' id='par_1_4' title="bbox 183 1985 1198 3788">
     <span class='ocr_line' id='line_1_15' title="bbox 243 1985 1155 2065; baseline -0.005 -17"><span class='ocrx_word' id='word_1_98' title='bbox 243 1990 268 2048; x_wconf 92' lang='lat' dir='ltr'>I.</span> <span class='ocrx_word' id='word_1_99' title='bbox 290 1993 337 2047; x_wconf 80' lang='lat'>42.</span> <span class='ocrx_word' id='word_1_100' title='bbox 355 1987 434 2060; x_wconf 81' lang='lat' dir='ltr'>Qnae</span> <span class='ocrx_word' id='word_1_101' title='bbox 449 2000 494 2045; x_wconf 88' lang='lat' dir='ltr'>est</span> <span class='ocrx_word' id='word_1_102' title='bbox 507 1987 564 2046; x_wconf 85' lang='lat' dir='ltr'>iste</span> <span class='ocrx_word' id='word_1_103' title='bbox 574 1987 604 2044; x_wconf 92' lang='lat' dir='ltr'>iu</span> <span class='ocrx_word' id='word_1_104' title='bbox 619 1986 877 2046; x_wconf 80' lang='lat' dir='ltr'>commemoranda</span> <span class='ocrx_word' id='word_1_105' title='bbox 890 1985 1018 2065; x_wconf 80' lang='lat' dir='ltr'>pecunie</span> <span class='ocrx_word' id='word_1_106' title='bbox 1031 1997 1082 2053; x_wconf 83' lang='lat' dir='ltr'>tus</span> <span class='ocrx_word' id='word_1_107' title='bbox 1094 1997 1155 2044; x_wconf 82' lang='lat' dir='ltr'>tem</span> 
     </span>
     <span class='ocr_line' id='line_1_16' title="bbox 183 2074 1196 2160; baseline -0.005 -18"><span class='ocrx_word' id='word_1_108' title='bbox 183 2074 333 2144; x_wconf 67' lang='lat' dir='ltr'>&#39;insolens</span> <span class='ocrx_word' id='word_1_109' title='bbox 347 2082 525 2144; x_wconf 85' lang='lat' dir='ltr'>ostentatiol</span> <span class='ocrx_word' id='word_1_110' title='bbox 565 2082 694 2141; x_wconf 86' lang='lat' dir='ltr'>Solusne</span> <span class='ocrx_word' id='word_1_111' title='bbox 708 2082 855 2141; x_wconf 74' lang='lat' dir='ltr'>tuditesl</span> <span class='ocrx_word' id='word_1_112' title='bbox 897 2081 958 2140; x_wconf 90' lang='lat' dir='ltr'>Pro</span> <span class='ocrx_word' id='word_1_113' title='bbox 975 2081 1016 2139; x_wconf 91' lang='lat' dir='ltr'>dii</span> <span class='ocrx_word' id='word_1_114' title='bbox 1035 2081 1154 2140; x_wconf 81' lang='lat' dir='ltr'>imuror-</span> <span class='ocrx_word' id='word_1_115' title='bbox 1194 2155 1196 2160; x_wconf 28' lang='grc' dir='ltr'>Ι</span> 
     </span>
     <span class='ocr_line' id='line_1_17' title="bbox 203 2177 1155 2258; baseline -0.004 -20"><span class='ocrx_word' id='word_1_116' title='bbox 203 2181 295 2238; x_wconf 82' lang='lat' dir='ltr'>tulos!</span> <span class='ocrx_word' id='word_1_117' title='bbox 318 2199 423 2258; x_wconf 83' lang='lat' dir='ltr'>egone,</span> <span class='ocrx_word' id='word_1_118' title='bbox 437 2197 486 2236; x_wconf 89' lang='lat' dir='ltr'>me</span> <span class='ocrx_word' id='word_1_119' title='bbox 503 2177 650 2255; x_wconf 76' lang='lat' dir='ltr'>audivisse</span> <span class='ocrx_word' id='word_1_120' title='bbox 668 2178 779 2256; x_wconf 83' lang='lat' dir='ltr'>aliquid</span> <span class='ocrx_word' id='word_1_121' title='bbox 797 2177 992 2246; x_wconf 76' lang='lat' dir='ltr'>etdidieisse,</span> <span class='ocrx_word' id='word_1_122' title='bbox 1006 2197 1066 2235; x_wconf 91' lang='lat' dir='ltr'>non</span> <span class='ocrx_word' id='word_1_123' title='bbox 1083 2195 1155 2255; x_wconf 51' lang='lat' dir='ltr'>geu*</span> 
     </span>
     <span class='ocr_line' id='line_1_18' title="bbox 189 2261 1154 2351; baseline -0.005 -19"><span class='ocrx_word' id='word_1_124' title='bbox 189 2261 193 2272; x_wconf 53' lang='lat'>⁸</span> <span class='ocrx_word' id='word_1_125' title='bbox 204 2274 292 2334; x_wconf 85' lang='lat' dir='ltr'>deam</span> <span class='ocrx_word' id='word_1_126' title='bbox 303 2277 315 2335; x_wconf 87' lang='lat' dir='ltr'>l</span> <span class='ocrx_word' id='word_1_127' title='bbox 349 2276 477 2334; x_wconf 84' lang='lat' dir='ltr'>Solusne</span> <span class='ocrx_word' id='word_1_128' title='bbox 489 2273 594 2332; x_wconf 88' lang='lat' dir='ltr'>divesl</span> <span class='ocrx_word' id='word_1_129' title='bbox 629 2273 723 2344; x_wconf 78' lang='lat' dir='ltr'>Quid,</span> <span class='ocrx_word' id='word_1_130' title='bbox 734 2274 758 2331; x_wconf 79' lang='lat' dir='ltr'>si</span> <span class='ocrx_word' id='word_1_131' title='bbox 769 2295 807 2334; x_wconf 87' lang='lat' dir='ltr'>ne</span> <span class='ocrx_word' id='word_1_132' title='bbox 819 2272 902 2332; x_wconf 86' lang='lat' dir='ltr'>dives</span> <span class='ocrx_word' id='word_1_133' title='bbox 914 2273 1054 2351; x_wconf 90' lang='lat' dir='ltr'>quideml</span> <span class='ocrx_word' id='word_1_134' title='bbox 1072 2271 1154 2348; x_wconf 84' lang='lat' dir='ltr'>quid,</span> 
     </span>
     <span class='ocr_line' id='line_1_19' title="bbox 204 2366 1155 2455; baseline -0.007 -25"><span class='ocrx_word' id='word_1_135' title='bbox 204 2370 229 2430; x_wconf 81' lang='lat' dir='ltr'>ti</span> <span class='ocrx_word' id='word_1_136' title='bbox 242 2391 359 2450; x_wconf 78' lang='lat' dir='ltr'>pauper</span> <span class='ocrx_word' id='word_1_137' title='bbox 373 2370 482 2429; x_wconf 83' lang='lat' dir='ltr'>etinml</span> <span class='ocrx_word' id='word_1_138' title='bbox 523 2368 631 2440; x_wconf 78' lang='lat' dir='ltr'>Quem.</span> <span class='ocrx_word' id='word_1_139' title='bbox 641 2368 720 2455; x_wconf 79' lang='lat' dir='ltr'>enim</span> <span class='ocrx_word' id='word_1_140' title='bbox 734 2369 928 2446; x_wconf 81' lang='lat' dir='ltr'>intelligimus</span> <span class='ocrx_word' id='word_1_141' title='bbox 938 2366 1077 2424; x_wconf 85' lang='lat' dir='ltr'>diviteml</span> <span class='ocrx_word' id='word_1_142' title='bbox 1095 2378 1155 2434; x_wconf 80' lang='lat' dir='ltr'>eut,</span> 
     </span>
     <span class='ocr_line' id='line_1_20' title="bbox 204 2461 1156 2542; baseline -0.005 -20"><span class='ocrx_word' id='word_1_143' title='bbox 204 2466 261 2524; x_wconf 87' lang='lat' dir='ltr'>hoo</span> <span class='ocrx_word' id='word_1_144' title='bbox 275 2466 401 2523; x_wconf 87' lang='lat' dir='ltr'>verbum</span> <span class='ocrx_word' id='word_1_145' title='bbox 425 2467 455 2521; x_wconf 92' lang='lat' dir='ltr'>iu</span> <span class='ocrx_word' id='word_1_146' title='bbox 470 2484 529 2540; x_wconf 91' lang='lat' dir='ltr'>quo</span> <span class='ocrx_word' id='word_1_147' title='bbox 542 2462 661 2521; x_wconf 89' lang='lat' dir='ltr'>homine</span> <span class='ocrx_word' id='word_1_148' title='bbox 676 2463 836 2542; x_wconf 85' lang='lat' dir='ltr'>ponimusl</span> <span class='ocrx_word' id='word_1_149' title='bbox 876 2461 990 2540; x_wconf 77' lang='lat' dir='ltr'>Opinon</span> <span class='ocrx_word' id='word_1_150' title='bbox 1004 2461 1034 2518; x_wconf 93' lang='lat' dir='ltr'>in</span> <span class='ocrx_word' id='word_1_151' title='bbox 1049 2480 1096 2531; x_wconf 89' lang='lat' dir='ltr'>eo,</span> <span class='ocrx_word' id='word_1_152' title='bbox 1108 2461 1156 2520; x_wconf 91' lang='lat' dir='ltr'>oui</span> 
     </span>
     <span class='ocr_line' id='line_1_21' title="bbox 204 2556 1154 2636; baseline -0.004 -18"><span class='ocrx_word' id='word_1_153' title='bbox 204 2572 285 2618; x_wconf 82' lang='lat' dir='ltr'>tants</span> <span class='ocrx_word' id='word_1_154' title='bbox 301 2558 446 2636; x_wconf 81' lang='lat' dir='ltr'>possessio</span> <span class='ocrx_word' id='word_1_155' title='bbox 463 2571 517 2628; x_wconf 89' lang='lat' dir='ltr'>est,</span> <span class='ocrx_word' id='word_1_156' title='bbox 531 2571 569 2617; x_wconf 89' lang='lat' dir='ltr'>nt·</span> <span class='ocrx_word' id='word_1_157' title='bbox 581 2559 619 2618; x_wconf 82' lang='lat' dir='ltr'>sd</span> <span class='ocrx_word' id='word_1_158' title='bbox 633 2558 795 2616; x_wconf 80' lang='lat' dir='ltr'>liberaliter</span> <span class='ocrx_word' id='word_1_159' title='bbox 809 2556 1068 2615; x_wconf 83' lang='lat' dir='ltr'>vivendumfacile</span> <span class='ocrx_word' id='word_1_160' title='bbox 1086 2576 1154 2614; x_wconf 89' lang='lat' dir='ltr'>oon·</span> 
     </span>
     <span class='ocr_line' id='line_1_22' title="bbox 203 2651 1156 2732; baseline -0.002 -20"><span class='ocrx_word' id='word_1_161' title='bbox 203 2665 301 2712; x_wconf 88' lang='lat' dir='ltr'>tentus</span> <span class='ocrx_word' id='word_1_162' title='bbox 325 2652 382 2712; x_wconf 82' lang='lat' dir='ltr'>s&#39;it:</span> <span class='ocrx_word' id='word_1_163' title='bbox 412 2653 464 2730; x_wconf 90' lang='lat' dir='ltr'>qui</span> <span class='ocrx_word' id='word_1_164' title='bbox 486 2653 560 2711; x_wconf 86' lang='lat' dir='ltr'>nihil</span> <span class='ocrx_word' id='word_1_165' title='bbox 584 2665 706 2732; x_wconf 80' lang='lat' dir='ltr'>quaerat,</span> <span class='ocrx_word' id='word_1_166' title='bbox 728 2653 801 2711; x_wconf 83' lang='lat' dir='ltr'>nihil</span> <span class='ocrx_word' id='word_1_167' title='bbox 826 2665 956 2732; x_wconf 80' lang='lat' dir='ltr'>appetet,</span> <span class='ocrx_word' id='word_1_168' title='bbox 976 2651 1050 2709; x_wconf 91' lang='lat' dir='ltr'>nihil</span> <span class='ocrx_word' id='word_1_169' title='bbox 1073 2663 1156 2730; x_wconf 88' lang='lat' dir='ltr'>optet</span> 
     </span>
     <span class='ocr_line' id='line_1_23' title="bbox 204 2747 1155 2828; baseline -0.002 -22"><span class='ocrx_word' id='word_1_170' title='bbox 204 2747 337 2825; x_wconf 80' lang='lat' dir='ltr'>amplius.</span> <span class='ocrx_word' id='word_1_171' title='bbox 379 2752 427 2806; x_wconf 83' lang='lat'>43.</span> <span class='ocrx_word' id='word_1_172' title='bbox 448 2749 575 2807; x_wconf 88' lang='lat' dir='ltr'>Animus</span> <span class='ocrx_word' id='word_1_173' title='bbox 599 2761 719 2828; x_wconf 86' lang='lat' dir='ltr'>oportet</span> <span class='ocrx_word' id='word_1_174' title='bbox 740 2761 808 2807; x_wconf 92' lang='lat' dir='ltr'>tuus</span> <span class='ocrx_word' id='word_1_175' title='bbox 831 2768 865 2806; x_wconf 88' lang='lat' dir='ltr'>se</span> <span class='ocrx_word' id='word_1_176' title='bbox 883 2747 1000 2827; x_wconf 85' lang='lat' dir='ltr'>judicet</span> <span class='ocrx_word' id='word_1_177' title='bbox 1020 2747 1155 2817; x_wconf 85' lang='lat' dir='ltr'>divitem,</span> 
     </span>
     <span class='ocr_line' id='line_1_24' title="bbox 203 2843 1155 2923; baseline -0.002 -21"><span class='ocrx_word' id='word_1_178' title='bbox 203 2863 260 2902; x_wconf 88' lang='lat' dir='ltr'>non</span> <span class='ocrx_word' id='word_1_179' title='bbox 277 2843 429 2912; x_wconf 72' lang='lat' dir='ltr'>hominum</span> <span class='ocrx_word' id='word_1_180' title='bbox 451 2865 558 2914; x_wconf 86' lang='lat' dir='ltr'>sermo,</span> <span class='ocrx_word' id='word_1_181' title='bbox 575 2865 673 2922; x_wconf 88' lang='lat' dir='ltr'>neque</span> <span class='ocrx_word' id='word_1_182' title='bbox 689 2844 891 2923; x_wconf 86' lang='lat' dir='ltr'>possessiones</span> <span class='ocrx_word' id='word_1_183' title='bbox 908 2856 985 2902; x_wconf 74' lang='lat' dir='ltr'>tuaet</span> <span class='ocrx_word' id='word_1_184' title='bbox 1007 2843 1081 2900; x_wconf 91' lang='lat' dir='ltr'>nihil</span> <span class='ocrx_word' id='word_1_185' title='bbox 1098 2843 1155 2902; x_wconf 87' lang='lat' dir='ltr'>sibi</span> 
     </span>
     <span class='ocr_line' id='line_1_25' title="bbox 203 2937 1156 3019; baseline -0.002 -21"><span class='ocrx_word' id='word_1_186' title='bbox 203 2937 308 2998; x_wconf 82' lang='lat' dir='ltr'>deesse</span> <span class='ocrx_word' id='word_1_187' title='bbox 316 2951 409 3018; x_wconf 89' lang='lat' dir='ltr'>putet,</span> <span class='ocrx_word' id='word_1_188' title='bbox 418 2939 491 2997; x_wconf 89' lang='lat' dir='ltr'>nihil</span> <span class='ocrx_word' id='word_1_189' title='bbox 500 2953 585 2998; x_wconf 82' lang='lat' dir='ltr'>curet</span> <span class='ocrx_word' id='word_1_190' title='bbox 596 2940 731 3019; x_wconf 84' lang='lat' dir='ltr'>amplius.</span> <span class='ocrx_word' id='word_1_191' title='bbox 769 2940 899 3000; x_wconf 81' lang='lat' dir='ltr'>Satiatus</span> <span class='ocrx_word' id='word_1_192' title='bbox 910 2951 963 3008; x_wconf 89' lang='lat' dir='ltr'>est,</span> <span class='ocrx_word' id='word_1_193' title='bbox 976 2950 1027 2997; x_wconf 82' lang='lat' dir='ltr'>aut</span> <span class='ocrx_word' id='word_1_194' title='bbox 1035 2951 1156 2998; x_wconf 85' lang='lat' dir='ltr'>eonten-</span> 
     </span>
     <span class='ocr_line' id='line_1_26' title="bbox 204 3029 1157 3114; baseline -0.002 -20"><span class='ocrx_word' id='word_1_195' title='bbox 204 3047 252 3094; x_wconf 86' lang='lat' dir='ltr'>tus</span> <span class='ocrx_word' id='word_1_196' title='bbox 263 3029 351 3094; x_wconf 81' lang='lat' dir='ltr'>etism</span> <span class='ocrx_word' id='word_1_197' title='bbox 363 3034 505 3113; x_wconf 84' lang='lat' dir='ltr'>peounia:</span> <span class='ocrx_word' id='word_1_198' title='bbox 528 3035 668 3104; x_wconf 84' lang='lat' dir='ltr'>concedo,</span> <span class='ocrx_word' id='word_1_199' title='bbox 678 3035 761 3094; x_wconf 84' lang='lat' dir='ltr'>dives</span> <span class='ocrx_word' id='word_1_200' title='bbox 772 3055 812 3094; x_wconf 87' lang='lat' dir='ltr'>es.</span> <span class='ocrx_word' id='word_1_201' title='bbox 839 3035 908 3092; x_wconf 60' lang='lat' dir='ltr'>1Sin</span> <span class='ocrx_word' id='word_1_202' title='bbox 920 3047 1019 3093; x_wconf 83' lang='lat' dir='ltr'>nutem</span> <span class='ocrx_word' id='word_1_203' title='bbox 1033 3047 1157 3114; x_wconf 87' lang='lat' dir='ltr'>propter</span> 
     </span>
     <span class='ocr_line' id='line_1_27' title="bbox 204 3129 1198 3209; baseline 0.001 -20"><span class='ocrx_word' id='word_1_204' title='bbox 204 3130 375 3190; x_wconf 75' lang='lat' dir='ltr'>aviditatem</span> <span class='ocrx_word' id='word_1_205' title='bbox 389 3129 526 3206; x_wconf 84' lang='lat' dir='ltr'>pecuniae</span> <span class='ocrx_word' id='word_1_206' title='bbox 539 3131 655 3188; x_wconf 89' lang='lat' dir='ltr'>nullum</span> <span class='ocrx_word' id='word_1_207' title='bbox 666 3142 810 3207; x_wconf 84' lang='lat' dir='ltr'>quaestum</span> <span class='ocrx_word' id='word_1_208' title='bbox 822 3139 942 3209; x_wconf 86' lang='lat' dir='ltr'>turpem</span> <span class='ocrx_word' id='word_1_209' title='bbox 956 3144 1156 3209; x_wconf 84' lang='lat' dir='ltr'>putas,quu1n</span> <span class='ocrx_word' id='word_1_210' title='bbox 1194 3193 1198 3205; x_wconf 57' lang='grc'><strong>,</strong></span> 
     </span>
     <span class='ocr_line' id='line_1_28' title="bbox 204 3223 1156 3305; baseline 0 -21"><span class='ocrx_word' id='word_1_211' title='bbox 204 3225 252 3284; x_wconf 77' lang='lat' dir='ltr'>isti</span> <span class='ocrx_word' id='word_1_212' title='bbox 269 3223 366 3284; x_wconf 87' lang='lat' dir='ltr'>ordini</span> <span class='ocrx_word' id='word_1_213' title='bbox 382 3245 420 3282; x_wconf 87' lang='lat' dir='ltr'>ue</span> <span class='ocrx_word' id='word_1_214' title='bbox 438 3225 579 3284; x_wconf 88' lang='lat' dir='ltr'>honestus</span> <span class='ocrx_word' id='word_1_215' title='bbox 593 3225 720 3303; x_wconf 89' lang='lat' dir='ltr'>quidem</span> <span class='ocrx_word' id='word_1_216' title='bbox 733 3225 825 3305; x_wconf 88' lang='lat' dir='ltr'>possit</span> <span class='ocrx_word' id='word_1_217' title='bbox 842 3245 908 3286; x_wconf 87' lang='lat' dir='ltr'>esse</span> <span class='ocrx_word' id='word_1_218' title='bbox 924 3227 1022 3297; x_wconf 85' lang='lat' dir='ltr'>ullus3</span> <span class='ocrx_word' id='word_1_219' title='bbox 1046 3226 1071 3284; x_wconf 87' lang='lat' dir='ltr'>si</span> <span class='ocrx_word' id='word_1_220' title='bbox 1085 3247 1156 3303; x_wconf 92' lang='lat' dir='ltr'>quo-</span> 
     </span>
     <span class='ocr_line' id='line_1_29' title="bbox 203 3318 1157 3401; baseline 0.001 -22"><span class='ocrx_word' id='word_1_221' title='bbox 203 3319 277 3379; x_wconf 87' lang='lat' dir='ltr'>tidie</span> <span class='ocrx_word' id='word_1_222' title='bbox 291 3318 420 3390; x_wconf 81' lang='lat' dir='ltr'>frendes,</span> <span class='ocrx_word' id='word_1_223' title='bbox 435 3320 559 3400; x_wconf 87' lang='lat' dir='ltr'>decipis,</span> <span class='ocrx_word' id='word_1_224' title='bbox 572 3321 678 3400; x_wconf 83' lang='lat' dir='ltr'>posuis,</span> <span class='ocrx_word' id='word_1_225' title='bbox 692 3322 861 3400; x_wconf 84' lang='lat' dir='ltr'>pacisceris,</span> <span class='ocrx_word' id='word_1_226' title='bbox 876 3322 983 3393; x_wconf 78' lang='lat' dir='ltr'>aufers,</span> <span class='ocrx_word' id='word_1_227' title='bbox 998 3323 1108 3401; x_wconf 82' lang='lat' dir='ltr'>eripis3</span> <span class='ocrx_word' id='word_1_228' title='bbox 1132 3321 1157 3380; x_wconf 91' lang='lat' dir='ltr'>si</span> 
     </span>
     <span class='ocr_line' id='line_1_30' title="bbox 204 3405 1157 3496; baseline 0.002 -20"><span class='ocrx_word' id='word_1_229' title='bbox 204 3413 301 3476; x_wconf 80' lang='lat' dir='ltr'>socios</span> <span class='ocrx_word' id='word_1_230' title='bbox 319 3417 437 3495; x_wconf 81' lang='lat' dir='ltr'>spolias,</span> <span class='ocrx_word' id='word_1_231' title='bbox 452 3405 589 3476; x_wconf 84' lang='lat' dir='ltr'>aernriurn</span> <span class='ocrx_word' id='word_1_232' title='bbox 606 3417 736 3496; x_wconf 80' lang='lat' dir='ltr'>expilas3</span> <span class='ocrx_word' id='word_1_233' title='bbox 758 3419 783 3476; x_wconf 93' lang='lat' dir='ltr'>si</span> <span class='ocrx_word' id='word_1_234' title='bbox 799 3431 976 3478; x_wconf 82' lang='lat' dir='ltr'>testamenta</span> <span class='ocrx_word' id='word_1_235' title='bbox 994 3419 1157 3478; x_wconf 78' lang='lat' dir='ltr'>amicorum</span> 
     </span>
     <span class='ocr_line' id='line_1_31' title="bbox 205 3514 1155 3595; baseline 0.001 -25"><span class='ocrx_word' id='word_1_236' title='bbox 205 3524 369 3590; x_wconf 80' lang='lat' dir='ltr'>exspectes,</span> <span class='ocrx_word' id='word_1_237' title='bbox 385 3525 435 3570; x_wconf 81' lang='lat' dir='ltr'>eut</span> <span class='ocrx_word' id='word_1_238' title='bbox 448 3533 487 3571; x_wconf 90' lang='lat' dir='ltr'>ne</span> <span class='ocrx_word' id='word_1_239' title='bbox 502 3525 659 3593; x_wconf 82' lang='lat' dir='ltr'>exspectes</span> <span class='ocrx_word' id='word_1_240' title='bbox 672 3514 801 3591; x_wconf 88' lang='lat' dir='ltr'>quidem,</span> <span class='ocrx_word' id='word_1_241' title='bbox 818 3527 906 3592; x_wconf 82' lang='lat' dir='ltr'>atque</span> <span class='ocrx_word' id='word_1_242' title='bbox 920 3515 985 3595; x_wconf 89' lang='lat' dir='ltr'>ipse</span> <span class='ocrx_word' id='word_1_243' title='bbox 998 3514 1155 3594; x_wconf 82' lang='lat' dir='ltr'>supponis:</span> 
     </span>
     <span class='ocr_line' id='line_1_32' title="bbox 203 3606 1156 3690; baseline 0 -24"><span class='ocrx_word' id='word_1_244' title='bbox 203 3606 269 3666; x_wconf 76' lang='lat' dir='ltr'>haeo</span> <span class='ocrx_word' id='word_1_245' title='bbox 286 3619 386 3676; x_wconf 82' lang='lat' dir='ltr'>utrum</span> <span class='ocrx_word' id='word_1_246' title='bbox 403 3608 586 3681; x_wconf 81' lang='lat' dir='ltr'>abundantis,</span> <span class='ocrx_word' id='word_1_247' title='bbox 602 3627 640 3666; x_wconf 81' lang='lat' dir='ltr'>an</span> <span class='ocrx_word' id='word_1_248' title='bbox 657 3611 771 3688; x_wconf 84' lang='lat' dir='ltr'>egentis</span> <span class='ocrx_word' id='word_1_249' title='bbox 788 3611 873 3690; x_wconf 82' lang='lat' dir='ltr'>sigua</span> <span class='ocrx_word' id='word_1_250' title='bbox 889 3611 979 3671; x_wconf 85' lang='lat' dir='ltr'>suntl</span> <span class='ocrx_word' id='word_1_251' title='bbox 1021 3616 1067 3688; x_wconf 65' lang='lat'>44.</span> <span class='ocrx_word' id='word_1_252' title='bbox 1083 3610 1156 3668; x_wconf 90' lang='lat' dir='ltr'>Ani·</span> 
     </span>
     <span class='ocr_line' id='line_1_33' title="bbox 205 3703 1157 3788; baseline -0.002 -26"><span class='ocrx_word' id='word_1_253' title='bbox 205 3721 272 3762; x_wconf 84' lang='lat' dir='ltr'>mus</span> <span class='ocrx_word' id='word_1_254' title='bbox 292 3703 421 3788; x_wconf 69' lang='lat' dir='ltr'>hominis</span> <span class='ocrx_word' id='word_1_255' title='bbox 438 3703 532 3774; x_wconf 88' lang='lat' dir='ltr'>dives,</span> <span class='ocrx_word' id='word_1_256' title='bbox 548 3723 607 3763; x_wconf 90' lang='lat' dir='ltr'>non</span> <span class='ocrx_word' id='word_1_257' title='bbox 628 3725 697 3764; x_wconf 81' lang='lat' dir='ltr'>eron</span> <span class='ocrx_word' id='word_1_258' title='bbox 717 3706 861 3784; x_wconf 77' lang='lat' dir='ltr'>appellari</span> <span class='ocrx_word' id='word_1_259' title='bbox 880 3707 963 3764; x_wconf 79' lang='lat' dir='ltr'>solet</span> <span class='ocrx_word' id='word_1_260' title='bbox 1013 3703 1157 3776; x_wconf 82' lang='lat' dir='ltr'>Quamvis</span> 
     </span>
    </p>

    <p class='ocr_par' dir='ltr' id='par_1_5' title="bbox 205 3795 919 3876">
     <span class='ocr_line' id='line_1_34' title="bbox 205 3795 919 3876; baseline 0.003 -18"><span class='ocrx_word' id='word_1_261' title='bbox 205 3795 256 3858; x_wconf 80' lang='lat' dir='ltr'>illa</span> <span class='ocrx_word' id='word_1_262' title='bbox 269 3796 308 3856; x_wconf 87' lang='lat' dir='ltr'>sit</span> <span class='ocrx_word' id='word_1_263' title='bbox 320 3797 419 3876; x_wconf 82' lang='lat' dir='ltr'>plena,</span> <span class='ocrx_word' id='word_1_264' title='bbox 434 3797 506 3857; x_wconf 87' lang='lat' dir='ltr'>dnm</span> <span class='ocrx_word' id='word_1_265' title='bbox 520 3811 550 3858; x_wconf 92' lang='lat' dir='ltr'>te</span> <span class='ocrx_word' id='word_1_266' title='bbox 565 3797 684 3858; x_wconf 82' lang='lat' dir='ltr'>inanem</span> <span class='ocrx_word' id='word_1_267' title='bbox 697 3799 815 3869; x_wconf 79' lang='lat' dir='ltr'>videbe.</span> <span class='ocrx_word' id='word_1_268' title='bbox 849 3799 855 3812; x_wconf 86' lang='lat'>&#39;</span> <span class='ocrx_word' id='word_1_269' title='bbox 878 3797 885 3812; x_wconf 83' lang='lat'>&#39;</span> <span class='ocrx_word' id='word_1_270' title='bbox 916 3803 919 3814; x_wconf 89' lang='grc'><strong>’</strong></span> 
     </span>
    </p>
   </div>
   <div class='ocr_carea' id='block_1_4' title="bbox 0 0 1354 4508">
    <p class='ocr_par' dir='ltr' id='par_1_6' title="bbox 0 0 1354 4508">
     <span class='ocr_line' id='line_1_35' title="bbox 0 0 1354 4508; baseline 0 0"><span class='ocrx_word' id='word_1_271' title='bbox 0 0 1354 4508; x_wconf 95' lang='lat' dir='ltr'> </span> 
     </span>
    </p>
   </div>
  </div>
 </body>
</html>
