2664 4508
253 446 296 506 26
487 456 522 500 u.
539 455 568 500 r.
585 455 747 500 crcurours
765 454 849 497 cano
866 453 979 507 usion,

255 590 342 650 anni:
369 608 425 648 neo
444 586 629 668 preteritum
650 599 768 667 tempus
789 604 920 664 unquam
939 585 1114 660 revertitur3
1141 609 1201 662 rec,

256 687 328 764 quid
352 696 502 761 sequatur,
516 683 586 743 sciri
606 695 713 761 potest.
755 680 847 755 Quod
869 681 976 758 cuique
1000 684 1144 762 temporis
1166 687 1202 744 ad

255 779 417 838 vivendum
440 777 534 848 datur,
557 797 594 835 eo
616 775 706 836 debet
729 795 794 834 esse
817 788 984 862 contentus.
1034 782 1081 837 70.
1098 778 1202 858 Neque

255 874 335 932 enim
351 873 540 943 histrioni,·ut
555 874 679 951 placeat,
692 871 864 950 peragenda
880 871 981 930 fabula
998 874 1159 955 est3modo,
1171 876 1202 934 in

256 988 433 1046 quocunque
444 967 534 1026 fuerit
546 980 621 1036 actu,
632 967 775 1045 probetur
785 957 796 1024 :¹
812 985 910 1042 neque
924 967 1051 1045 sapienti
1063 971 1202 1045 usquead

256 1063 398 1123 Plaudite
407 1059 586 1120 veniendum
598 1075 669 1122 est..
691 1063 790 1120 Breve
804 1060 883 1118 enim
894 1073 1013 1140 tempus
1027 1063 1121 1121 aetatis
1135 1065 1202 1123 satis
1290 1057 1292 1062 ¹

256 1171 300 1218 est
309 1157 431 1235 longum
446 1157 570 1216 adbene
581 1157 764 1232 honesteque
775 1155 951 1228 visendum:
973 1156 1018 1216 sin
1028 1159 1203 1236 processeris

254 1253 381 1330 longius,
396 1272 454 1310 non
471 1252 565 1330 magis
582 1250 743 1309 dolendum
761 1261 814 1319 est,
830 1270 920 1326 quam
938 1251 1080 1328 agricolae
1097 1250 1202 1325 dolent,

253 1346 403 1426 praeterita
412 1345 647 1424 vernitemporis
661 1344 816 1414 suavitate,
827 1357 960 1406 aestatem
974 1358 1203 1426 autumnumque

253 1443 381 1501 venisse.
420 1442 488 1500 Ver
510 1441 597 1509 enim,
618 1452 771 1516 tamquam
795 1438 1025 1498 adolescentiam
1050 1441 1203 1519 significat,

255 1537 443 1612 ostenditque
456 1536 567 1593 fructus
583 1534 716 1592 futuros:
738 1533 854 1611 reliqua
870 1547 1005 1613 tempora
1021 1535 1204 1596 demetendis

255 1629 409 1698 fructibus,
419 1643 449 1688 et
460 1628 657 1708 percipiendis
668 1628 888 1700 accommodata
898 1642 974 1688 sunt.
1016 1635 1062 1690 71.
1080 1631 1205 1692 Fructus

256 1738 354 1804 autem
366 1724 527 1782 senectutis
538 1737 592 1793 est,
602 1736 634 1781 ut
647 1744 727 1802 saepe
739 1724 812 1792 dixi,
821 1737 890 1784 ante
903 1738 1052 1803 partorum
1063 1727 1207 1786 bonorum

256 1819 400 1876 memoria
414 1832 443 1876 et
456 1819 549 1896 copia.
590 1817 698 1877 Omnia
711 1839 790 1887 vero,
807 1840 873 1896 quae
891 1819 1054 1879 secundum
1071 1834 1207 1882 naturam

256 1913 339 1983 fiunt,
353 1927 420 1972 sunt
433 1913 571 1972 habenda
583 1913 716 1973 inbonis.
757 1914 842 1986 Quid
855 1927 899 1972 est
913 1928 1014 2001 autem
1028 1927 1090 1974 tarn
1104 1935 1207 1974 secun*

169 2060 171 2066 ,
256 2009 328 2066 dum
342 2023 489 2079 naturam,
500 2029 587 2086 quam
603 2010 722 2068 senibus
737 2009 852 2068 amorii
875 2009 954 2087 quod
966 2011 1048 2068 idem
1062 2011 1209 2090 contingit

198 2093 199 2096 ¹
256 2103 501 2172 adolescentibus,
514 2106 689 2164 adversante
703 2118 734 2163 et
746 2117 933 2184 repugnante
947 2119 1061 2164 natura.
1077 2168 1079 2174 ,
1102 2106 1209 2185 Itaque

256 2199 458 2258 adolescentes
476 2200 552 2258 mori
565 2201 608 2260 sic
624 2200 697 2260 mihi
711 2199 858 2270 videntur,
873 2213 905 2260 ut
921 2221 989 2258 cum
1007 2221 1093 2278 aquae
1111 2201 1209 2260 multi·
1291 2267 1292 2276 χ

255 2295 358 2356 tudine
381 2297 425 2355 vis
446 2297 573 2355 fiammae
597 2297 789 2375 opprimitur:
820 2316 906 2355 senes
928 2302 1037 2366 autem,
1055 2296 1133 2354 sicut
1154 2315 1212 2354 sua
1291 2341 1292 2374 ἶ

253 2405 367 2468 sponte,
384 2393 469 2451 nulia
492 2391 623 2450 adbibita
646 2393 685 2461 vi,
703 2403 874 2450 consumtus
898 2391 976 2468 ignis
1001 2390 1211 2468 exstinguitur.
1289 2395 1292 2446 i

254 2487 296 2546 Et
310 2488 394 2564 quasi
409 2508 507 2566 poma,
522 2505 561 2544 ex
575 2486 739 2555 arboribus,
754 2486 847 2548 cruda
861 2486 886 2544 si
900 2486 967 2555 sint,
980 2485 1010 2542 ri
1024 2486 1210 2557 avelluntur3

255 2581 281 2638 si
295 2594 412 2638 matura
426 2593 456 2637 et
472 2595 564 2649 cocta,
576 2580 734 2636 decidunt:
755 2581 798 2638 sic
809 2581 899 2638 vitam
913 2580 1154 2650 adolescentibus
1164 2580 1213 2644 ,vis

256 2675 361 2742 aufert,
375 2674 496 2731 senibus
511 2673 680 2745 maturitas;
702 2693 767 2749 quae
781 2674 853 2731 mihi
868 2673 989 2751 quidem
1003 2687 1063 2734 tam
1073 2675 1215 2754 jucunda
1250 2666 1254 2671 ’

256 2781 310 2836 est,
327 2782 367 2836 ut,
385 2788 443 2844 quo
465 2767 588 2846 propius
613 2767 649 2826 ad
672 2781 799 2827 mortem
822 2769 974 2836 accedam,
991 2769 1076 2846 quasi
1096 2781 1214 2828 terram
1291 2807 1292 2834 3

255 2862 699 2940 viderevidear,aliquandoque
709 2864 865 2944 inportuni
874 2884 912 2922 ex
921 2852 1215 2942 longanavigatione
1291 2917 1292 2942 ,

256 2977 322 3016 esse
337 2970 486 3015 venturus.

293 3148 365 3206 XX.
387 3152 433 3206 72.
452 3147 590 3206 Omnium
608 3160 727 3207 aetatum
744 3161 843 3208 certus
860 3160 906 3208 est
925 3147 1083 3219 terminus;
1105 3167 1219 3206 senec-

254 3244 323 3306 tutis
346 3255 446 3300 autem
467 3244 564 3302 nullus
585 3257 684 3302 certus
705 3257 750 3302 est
770 3245 930 3304 terminus:
958 3257 1099 3320 reeteque
1120 3243 1153 3302 in
1175 3264 1221 3304 ea

253 3338 370 3408 vivitur,
386 3337 484 3415 quoad
506 3358 613 3396 munus
634 3339 721 3397 officii
743 3339 867 3415 exsequi
889 3351 921 3396 et
942 3338 1019 3396 tueri
1035 3338 1144 3416 possis,
1185 3351 1222 3398 et

253 3446 353 3491 tamen
377 3447 503 3492 mortem
528 3446 725 3493 contemnere.
776 3432 906 3510 Exque
930 3433 1027 3505 fit,.ut
1051 3431 1224 3493 animosior·

254 3529 345 3585 etiam
366 3541 503 3586 senectus
525 3528 574 3598 sit,
592 3547 680 3605 quam
707 3525 915 3596 adolescentia,
937 3540 967 3585 et
987 3525 1097 3586 fortior.
1141 3527 1225 3588 Hoc

254 3621 326 3678 illud
339 3635 393 3692 est,
405 3623 486 3702 quod
498 3622 654 3681 Pisistrato
668 3633 793 3698 tyranno
806 3643 824 3680 a
834 3621 944 3680 Solone
958 3641 1134 3702 responsum
1150 3635 1223 3682 est:

255 3733 322 3773 cunr
332 3716 375 3774 illi
384 3717 538 3795 quaerenti,
550 3737 607 3792 qua
618 3716 737 3775 tandem
749 3709 803 3795 spe
814 3717 905 3778 fretus
917 3717 975 3775 sibi
987 3731 1047 3775 tam
1060 3717 1229 3800 audaciter

206 3807 218 3819 '‘
258 3806 423 3881 obsisteret,
434 3809 622 3890 respondisse
637 3809 753 3879 dicitnr,
767 3811 920 3871 Senectute.
962 3812 1024 3870 Sed
1033 3811 1155 3871 vivendi
1172 3826 1231 3872 est

1053 3927 1095 4034 s
