2664 4508
173 279 222 352 ι12
409 287 669 335 auctoramus
689 285 770 330 caro
791 285 905 338 uaros,

181 425 251 494 nim,
269 434 302 482 ut
319 423 359 482 ait
372 421 533 490 Homerus,
550 441 584 480 ea
601 421 660 500 ejus
677 421 780 496 lingua
797 418 879 476 melle
895 417 1007 476 dulcior
1018 419 1136 496 fluebat

179 523 274 582 oratio
278 543 292 588 ,·
310 537 399 598 quam
414 517 451 577 ad
462 518 635 598 suavitatem
646 515 733 574 nullis
745 515 853 592 egebat
863 505 996 592 eorporis
1007 515 1134 586 viribus;

181 630 211 678 et
220 630 320 675 tamen
332 613 396 672 dux
406 614 457 671 ille
470 612 596 672 Graeciae
608 629 753 688 nusquam
765 621 856 687 optet,
867 623 899 666 ut
908 610 1012 688 Ajacis
1024 611 1136 670 similes
1208 613 1211 619 '

180 713 290 770 habeat
307 709 422 778 decem,
438 721 467 766 at
484 722 516 765 ut
530 705 669 766 Nestoris
678 729 687 776 ς
708 703 785 781 quod
804 704 830 763 si
844 695 994 774 acciderit,
1008 726 1066 762 non
1081 705 1134 764 du·

181 806 265 876 bitat,
275 805 346 883 quin
357 802 440 862 brevi
452 804 488 862 sit
498 803 593 881 Troja
606 801 746 880 peritura.
787 805 835 857 32.
852 799 913 858 Sed
925 800 1017 858 redeo
1029 800 1068 859 ad
1078 821 1135 858 me.

182 901 333 974 Quartum
355 920 464 958 annum
485 918 543 976 ego
564 911 594 956 et
614 896 848 973 octogesimum:
869 896 977 954 vellem
994 895 1136 973 equidem

182 994 264 1054 idem
285 1014 371 1074 posse
393 992 521 1072 gloriari,
538 991 619 1070 quod
636 991 753 1068 Cyrus;
782 989 836 1048 sed
856 1003 957 1049 tamen
979 991 1035 1048 hoo
1057 1010 1136 1068 queo

182 1089 292 1160 dicere,
306 1110 365 1148 non
380 1109 429 1147 me
447 1088 568 1166 quidem
585 1087 620 1146 iis
638 1105 704 1145 esse
721 1085 843 1155 viribus,
858 1085 965 1163 quibus
982 1098 1033 1144 aut
1049 1085 1135 1146 miles

183 1186 264 1246 bello
278 1187 404 1255 Punico,
419 1198 470 1246 aut
484 1196 612 1262 quaestor
627 1182 734 1242 eodem
744 1182 833 1252 bello,
848 1194 899 1240 aut
912 1182 1014 1239 consul
1025 1180 1055 1238 in
1067 1180 1136 1238 His-

182 1282 272 1361 pania
281 1281 398 1351 fuerim,
410 1293 461 1339 aut
475 1278 670 1358 quadriennio
683 1289 760 1356 post,
771 1297 840 1334 cum
852 1276 987 1334 tribunus
1002 1275 1136 1334 militaris

184 1376 355 1456 depugnavi
370 1375 448 1454 apud
465 1375 690 1451 Thermopylas,
706 1373 760 1432 Μ’.
771 1373 871 1430 Acilio
886 1371 1049 1430 Glabrione
1067 1392 1135 1430 con·

184 1472 267 1530 sule:
288 1470 342 1528 sed
355 1485 465 1542 tamen,
484 1482 518 1526 ut
531 1466 719 1538 vos‘videtis,
738 1486 798 1524 non
812 1469 903 1546 plane
916 1488 964 1526 me
977 1469 1137 1538 enervavit,
1152 1489 1163 1500 ·

184 1583 241 1622 nec
256 1563 357 1620 afflixit
371 1575 526 1620 senectus:
547 1581 607 1618 non
622 1561 705 1622 curia
717 1561 794 1620 vires
809 1583 891 1620 meas
905 1561 1065 1632 desiderat,
1075 1584 1137 1622 uon

184 1669 288 1727 rostra,
305 1678 365 1715 nou
383 1656 480 1726 amici,
496 1677 556 1716 nou
573 1657 704 1727 clientes,
718 1678 776 1716 nou
793 1658 933 1737 hospites.
974 1657 1042 1718 Neo
1060 1659 1138 1721 enim

185 1773 316 1831 unquam
341 1772 407 1811 sum
431 1771 569 1811 assensus
590 1751 684 1810 veteri
705 1752 749 1810 illi
769 1753 948 1832 laudatoque
971 1756 1139 1834 proverbio,

186 1847 264 1928 quod
276 1862 384 1919 monet,
393 1860 504 1906 mature
507 1848 583 1924 fleri
591 1869 692 1918 amm,
702 1849 728 1906 ei
738 1847 789 1906 diu
800 1849 869 1906 velis
880 1869 936 1908 ease
945 1870 1036 1908 senem
1071 1851 1140 1930 Ego

186 1965 258 2004 vero
273 1964 321 2003 me
335 1944 433 2004 minus
446 1943 499 2003 diu
512 1965 615 2004 senem
629 1964 694 2002 esse
707 1946 837 2014 mallem,
853 1965 941 2023 quem
956 1966 1021 2018 esse
1036 1966 1140 2004 senem

187 2053 265 2111 ante,
283 2060 372 2118 quam
397 2060 504 2098 essem.
549 2041 658 2118 Itaque
680 2059 768 2098 nemo
792 2039 889 2098 adhuc
912 2040 1070 2099 convenire
1091 2061 1140 2100 me

186 2135 286 2206 voluit,
304 2134 353 2195 cui
372 2135 480 2195 suarim
505 2148 676 2214 occupatus.
721 2135 764 2194 At
787 2134 885 2194 minus
905 2136 1002 2194 habeo
1024 2136 1140 2208 virium,

186 2252 275 2310 quam
299 2244 432 2292 vestrum
455 2231 583 2292 utervis!
635 2235 683 2290 33.
706 2231 757 2290 Ne
779 2250 832 2291 vos
854 2231 975 2308 quidem
993 2232 1029 2290 T.
1040 2231 1141 2292 Pontii

187 2327 366 2402 centurionis
376 2327 453 2386 vires
464 2328 594 2386 habetis:
613 2347 684 2385 num
696 2326 808 2384 idcirco
820 2339 865 2385 est
876 2327 927 2386 ille
938 2328 1140 2406 praestantiori

187 2419 349 2482 moderatio
366 2423 457 2480 modo
473 2422 580 2479 virium
598 2421 683 2489 adsit,
698 2433 729 2477 et
744 2432 868 2490 tantum,
883 2436 1027 2501 quantum
1044 2438 1143 2504 potest

187 2517 324 2594 quisque,
341 2517 467 2584 nitatem
492 2535 539 2572 nae
556 2515 608 2572 ille
624 2533 683 2572 non
700 2534 808 2593 magno
825 2516 973 2577 desiderio
991 2520 1143 2578 tenebitur

187 2610 311 2668 virium!
354 2609 503 2687 Olympias
517 2630 572 2687 per
588 2609 715 2670 stadium
731 2610 881 2690 ingressus
899 2634 963 2672 esse
980 2614 1054 2673 Milo
1069 2615 1140 2674 dici·

187 2716 244 2774 tur,
259 2723 327 2762 cum
340 2703 471 2762 humeris
486 2705 644 2763 sustineret
657 2706 763 2766 bovem
777 2707 885 2766 vivum,
925 2709 1035 2770 Utrum
1049 2710 1142 2788 igitur

187 2799 240 2858 has
258 2797 397 2877 corporis,
415 2818 452 2856 en
467 2798 647 2878 Pythagorae
665 2800 718 2858 tibi
733 2803 818 2860 maiis
835 2803 914 2862 vires
927 2803 1040 2882 ingenii
1054 2805 1141 2865 darii

188 2893 328 2971 Denique
343 2892 398 2951 isto
412 2894 491 2952 bono
505 2906 597 2964 utare,
612 2895 682 2957 dum
698 2897 791 2972 adsit;
814 2919 880 2957 cum
895 2899 979 2969 absit,
991 2920 1029 2957 ne
1044 2901 1140 2978 requi-

187 3008 253 3048 ras:
276 2988 333 3048 nisi
347 2988 422 3048 forte
437 2988 639 3050 adolescentes
653 2992 822 3071 pueritiam,
837 2996 959 3073 paulum
973 3008 1061 3054 aetate
1074 3017 1141 3074 pro·

187 3085 281 3165 gressi
292 3085 518 3146 adolescentiam
529 3085 657 3145 debeant
666 3089 828 3165 requirere.
863 3091 977 3150 Cursus
988 3105 1033 3149 ost
1043 3105 1140 3151 certus

187 3181 292 3251 aetatis,
307 3195 338 3240 et
352 3202 410 3239 una
424 3181 471 3239 via
484 3194 607 3254 naturae,
622 3202 717 3260 eaque
736 3183 881 3262 simplex3
903 3207 1017 3264 suaque
1031 3188 1139 3266 cuique

98 3331 101 3338 .
186 3277 266 3357 parti
280 3275 372 3338 estatis
386 3274 600 3356 tempestivitas
615 3289 660 3334 est
674 3276 757 3348 data;
780 3292 812 3336 ut
824 3285 857 3338 'et
867 3279 1019 3340 infirmitas
1034 3302 1140 3361 puero·

186 3393 262 3446 rum,
272 3387 303 3435 et
310 3371 448 3432 ferocitas
454 3371 609 3451 juvenum,
619 3385 650 3429 st
658 3371 785 3450 gravitas
790 3373 854 3452 jam
864 3376 1025 3435 constantis
1036 3379 1140 3450 aetetis,

187 3481 218 3526 et
232 3470 391 3530 senectutis
405 3468 557 3529 maturitas
571 3469 703 3527 naturale
714 3467 854 3546 quiddam
864 3471 982 3542 habeat,
993 3473 1074 3550 quod
1086 3493 1140 3530 suo

187 3574 321 3642 ternpore
342 3566 458 3645 percipi
475 3565 591 3625 debeat.
632 3569 679 3624 34.
696 3565 812 3624 Audire
829 3579 860 3624 te
878 3567 1012 3636 arbitror,
1027 3566 1138 3642 Scipio,

187 3655 295 3738 hospes
312 3672 380 3747 tuus
399 3662 493 3722 avitus
509 3660 748 3758 Masinissq,quae
762 3660 852 3753 faciat
865 3659 965 3735 hodie,
979 3658 1139 3735 nonaginta
