2664 4508
229 499 273 557 28
460 509 493 552 u.
510 509 539 550 r.
556 506 718 552 cronacum
736 503 818 548 caro
837 503 950 556 ustor,

233 665 266 703 se
287 659 437 719 nunquam
460 639 607 699 redituras
630 636 851 696 arbitrarentur.
892 633 983 706 Quod
1001 633 1092 712 igitur
1114 635 1182 694 ado·

232 741 388 806 lescentes,
398 748 428 794 et
438 735 459 792 ii
470 734 589 812 quidem
599 752 659 789 non
670 732 764 789 solum
774 728 894 799 indocti,
903 729 957 787 sed
969 729 1059 788 etiarn
1070 731 1181 801 rustici,

232 843 430 899 contemnunt,
443 829 474 886 id
488 827 566 887 docti
580 845 667 884 senes
682 824 895 883 extimesceutl
936 828 983 882 76.
1000 823 1138 894 Omnino,
1149 837 1182 882 ut

232 924 303 984 mihi
314 923 434 1000 quidem
444 922 569 990 videtur,
581 919 745 978 studiorum
760 918 891 976 omnium
904 917 1023 976 satietas
1033 918 1101 976 vitae
1112 917 1183 976 facit

232 1019 406 1078 satietatem.
448 1016 522 1074 Sunt
541 1012 677 1093 pueritiae
697 1024 779 1070 certa
799 1011 912 1083 studia;
941 1032 1013 1070 num
1033 1012 1124 1090 igitur
1144 1033 1182 1071 ea

232 1112 404 1170 desiderant
421 1109 649 1169 adolescentesl
670 1118 739 1166 sunt
755 1119 787 1164 et
802 1105 930 1165 ineuntis
952 1107 1179 1178 adolescentiae:

232 1227 304 1265 num
321 1227 356 1264 ea
371 1207 435 1284 jam
453 1217 589 1264 constans
609 1202 732 1279 requirit
751 1213 832 1271 aetas,
848 1221 914 1278 quae
935 1201 1035 1265 medie
1051 1201 1180 1260 diciturl

232 1313 299 1360 sunt
311 1301 398 1358 etiam
410 1300 500 1377 hujus
510 1297 621 1369 aetatis;
638 1317 676 1354 ne
688 1316 725 1354 ea
735 1294 856 1373 quidem
868 1308 1040 1372 quaeruntur
1051 1316 1068 1354 a
1078 1315 1181 1354 senec·

231 1409 312 1454 tute:
337 1407 405 1454 sunt
426 1407 559 1455 extrema
576 1391 712 1469 quaedam
734 1389 831 1448 studia
851 1390 1028 1448 senectutis:
1051 1410 1130 1467 ergo,
1148 1401 1182 1448 ut

231 1490 419 1568 superiorum
443 1501 561 1546 astatum
585 1486 682 1544 studia
706 1485 852 1554 occidunt,
869 1485 911 1542 sic
935 1465 1072 1542 occidunt
1091 1485 1181 1542 etiam

231 1583 400 1641 senectutis.
440 1579 532 1653 Quod
550 1600 617 1638 cum
637 1579 744 1649 evenit,
760 1579 879 1639 satietas
897 1579 965 1637 vitae
984 1591 1101 1658 tempus
1120 1599 1181 1636 ma·

235 1688 334 1734 turum
349 1677 450 1772 mortis
465 1675 556 1733 affert.

271 1865 359 1939 XXI.
381 1869 428 1922 77.
444 1862 596 1940 Equidem
613 1883 672 1920 non
689 1862 785 1932 rideo,
802 1882 864 1932 cur,
882 1862 953 1939 quid
969 1863 1034 1941 ipse
1055 1862 1181 1921 sentiam
1212 1931 1214 1937 Ι

233 1956 271 2014 de
287 1969 390 2025 morte,
401 1955 599 2014 non'audeam
610 1955 693 2013 vobis
707 1955 824 2014 dicere:
846 1955 925 2033 quod
939 1977 976 2015 eo
989 1957 1095 2015 melius
1108 1957 1181 2014 mihi

232 2071 355 2110 cernere
372 2050 482 2120 videor,
500 2069 559 2128 quo
577 2051 614 2108 ab
631 2070 667 2107 ea
684 2051 807 2128 propius
828 2051 940 2109 absum.
980 2051 1048 2128 Ego
1068 2064 1180 2110 vestros

231 2159 338 2224 patres,
349 2145 384 2204 P.
394 2145 503 2223 Scipio,
515 2158 612 2221 tuque,
625 2144 660 2202 C.
670 2145 755 2212 Laeli,
764 2144 840 2202 viros
850 2145 1036 2213 clarissimos,
1049 2145 1185 2223 mihique

231 2241 432 2310 amicissimos,
450 2241 550 2298 vivere
564 2239 707 2308 arbitror,
725 2252 756 2297 et
777 2259 848 2308 eam,
860 2239 981 2316 quidem
998 2241 1097 2310 vitam,
1113 2262 1180 2318 quae

231 2348 275 2392 est
288 2337 352 2394 sola
365 2335 423 2394 vita
436 2335 626 2393 nominande.
668 2334 757 2402 Nam,
773 2333 845 2391 dum
858 2354 958 2392 sumus
972 2335 1003 2392 in
1015 2335 1060 2392 his
1074 2335 1181 2392 inclusi

230 2429 420 2508 compagibus
431 2430 572 2506 corporis,
582 2449 706 2486 munere
717 2427 844 2504 quodam
855 2429 1047 2499 necessitatis,
1057 2442 1087 2488 et
1098 2430 1181 2507 gravi

230 2544 320 2601 opere
331 2523 550 2600 perfungimur:
569 2535 615 2580 est
628 2522 707 2580 enim
722 2523 834 2601 animus
849 2524 976 2581 coelestis
987 2543 1025 2582 ex
1037 2524 1182 2582 altissimo

230 2617 380 2674 domicilio
397 2616 564 2693 depressus,
582 2629 619 2685 et¹
629 2617 713 2695 quasi
726 2607 884 2696 ¹demersus
901 2618 931 2675 in
947 2631 1066 2690 terram,
1081 2619 1180 2676 locum

231 2710 338 2767 divium
348 2721 458 2768 naturae
468 2711 683 2788 aeternitatique
694 2711 881 2770 scunarium.
922 2712 985 2770 Sed
996 2714 1096 2782 credo,
1105 2713 1180 2772 deos

230 2803 413 2862 immortales
426 2804 566 2882 sparsisse
579 2805 732 2864 animosis
745 2827 870 2885 corpora
878 2808 1014 2877 humana,
1023 2822 1057 2866 ut
1070 2822 1179 2880 essent,

230 2898 281 2975 qui
298 2909 391 2955 terras
412 2911 575 2970 tuerentur,
589 2900 699 2977 quique
717 2902 881 2971 caelestium
899 2903 1033 2961 ordinem
1051 2917 1179 2962 contem·

229 2991 703 3078 plantes,imitarentur-eumvitae
712 2994 1076 3073 modoatqueconstantia.
1110 2997 1180 3055 Nec

229 3106 277 3143 me
292 3088 387 3144 solum
401 3087 475 3145 ratio
487 3107 521 3145 ac
532 3088 691 3167 disputatio
703 3091 827 3168 impulit,
838 3105 871 3149 ut
883 3091 925 3149 ita
938 3092 1107 3150 crederem:
1125 3091 1179 3150 sed

228 3181 365 3239 nobilitas
386 3182 474 3248 etiam
496 3171 676 3242 summorum
694 3185 942 3264 philosophorum,
961 3200 991 3246 et
1012 3188 1179 3245 auctoritas.

230 3281 277 3334 78.
292 3277 464 3335 Audiebam
473 3277 683 3356 Pythagoram,
692 3279 962 3358 Pythagoreosque,
971 3282 1080 3339 incolas
1091 3301 1179 3359 paene

227 3359 351 3440 nostros,
370 3371 420 3453 qui
439 3385 537 3444 essent
554 3373 650 3431 Italici
667 3375 835 3452 philosophi
850 3376 1000 3452 quondam
1024 3376 1177 3445 nominati,

226 3486 377 3544 nunquam
394 3466 554 3536 dubitasse,
573 3467 643 3546 quin
661 3489 700 3527 ex
717 3469 854 3527 universa
871 3483 972 3528 mente
988 3469 1089 3528 divina
1105 3469 1179 3526 deli-

227 3563 311 3620 batos
322 3561 633 3621 animoshaberemus:
652 3563 929 3624 demonstrabantur
939 3565 1011 3621 mihi
1021 3576 1178 3642 praeterea,

228 3675 294 3731 quae
304 3655 439 3714 Socrates
450 3677 591 3734 supremo
600 3657 667 3714 vitae
675 3657 724 3714 die
734 3657 772 3715 de
781 3659 1001 3718 immortalitate
1013 3657 1179 3716 animorum

228 3748 423 3818 disseruisset,
437 3750 471 3817 is,
487 3751 537 3826 qui
555 3762 633 3808 esset
652 3751 783 3809 omnium
800 3753 1034 3830 sapientissimus
1055 3751 1179 3810 oraculo

227 3841 376 3917 Apollinis
391 3841 548 3918 judicatus.
590 3843 673 3914 Quid
691 3847 806 3906 multal
828 3847 871 3906 sic
888 3847 960 3904 mihi
977 3846 1120 3925 persuasi,
1133 3846 1180 3907 sie
