2664 4508
385 371 456 412 uvs
474 371 514 412 ns
534 368 941 428 snusernrs.-csr.1x,x.
1104 364 1138 423 ll

189 501 474 582 prescribebantur:
495 521 622 580 quorum
642 521 738 582 usque
759 503 798 564 ad
818 516 987 566 extremum
1007 507 1142 587 spiritum·

122 673 125 680 Ι
189 595 564 677 estprovectaprudentis.
605 601 654 656 28.
671 598 790 671 Orator,
800 611 910 672 metuo,
920 621 960 660 ne
970 602 1143 681 languescat

189 704 359 752 senectute:
383 705 430 751 est
446 691 526 750 enim
546 681 658 754 'munus
674 695 741 778 ejus
760 715 820 754 non
835 695 948 776 ingenii
964 698 1073 770 solum,
1087 699 1142 758 sed
1159 725 1162 730 ·

188 794 316 852 laterum
330 792 429 862 etiam,
441 804 471 851 et
484 791 602 852 virium.
642 793 771 854 Omnino
785 815 927 856 canorum
940 794 1016 856 illud
1026 797 1058 856 in
1067 817 1141 858 voce

188 886 369 966 splendescit
387 887 488 958 etiam,
504 889 606 948 nescio
624 909 684 968 quo
703 901 800 969 pacto,
816 890 848 949 in
869 904 1039 965 senectute;
1060 893 1141 970 quod

188 983 327 1060 equidem
345 981 441 1042 adhue
457 1001 518 1042 non
532 983 634 1054 smisi3
657 997 687 1043 et
699 984 806 1045 videtis
824 1005 924 1046 annos.
965 985 1027 1048 Sed
1041 999 1141 1047 temen

187 1089 232 1136 est
242 1076 369 1137 decorus
383 1097 483 1137 sermo
497 1079 575 1138 senis
596 1079 713 1156 quietus
726 1093 757 1139 et
769 1080 922 1153 remissus,
932 1080 1063 1160 facitque
1073 1103 1141 1164 per·

186 1189 268 1252 saepe
279 1173 344 1252 ipsa
356 1171 412 1232 sibi
423 1171 608 1232 audientiam
618 1172 721 1232 diserti
734 1175 813 1234 senis
828 1188 926 1235 comta
939 1189 970 1236 et
981 1177 1060 1237 mitis
1075 1198 1139 1238 ore·

186 1267 238 1325 tio.
280 1265 382 1338 Quam
395 1265 420 1325 si
430 1265 494 1346 ipse
505 1267 628 1345 exsequi
638 1288 778 1346 nequeas,
787 1270 882 1348 possis
896 1283 996 1331 temen
1007 1271 1141 1353 Scipioni

185 1361 353 1442 prtecipere
378 1375 409 1421 et
426 1361 532 1421 Laelio.
583 1362 669 1435 Quid
689 1363 771 1422 enim
788 1364 953 1444 jucundius
976 1379 1141 1437 senectute,

185 1457 293 1536 stipata
313 1456 417 1516 studiis
432 1457 624 1536 juventutisl
668 1463 717 1516 29.
734 1459 784 1518 Au
801 1480 840 1519 ne
856 1479 908 1520 eas
925 1460 1046 1538 quidem
1062 1462 1141 1522 vires

185 1551 330 1610 senectuti
343 1552 554 1630 relinquemus,
569 1565 603 1611 ut
616 1551 854 1612 adolescentulos
868 1553 982 1625 doceat,
996 1555 1140 1626 instituat,

186 1646 223 1706 ad
242 1667 330 1706 omne
348 1645 437 1706 officii
453 1666 562 1706 munus
579 1645 726 1708 instructi
747 1669 806 1726 quo
820 1647 941 1727 quidem
959 1670 1053 1730 opere
1068 1651 1141 1732 quid

185 1754 284 1822 potest
305 1734 369 1801 esse
386 1742 581 1822 praeclarius'l
629 1741 706 1802 Mihi
720 1763 794 1803 uero
812 1743 867 1803 Cn.
881 1757 913 1804 et
926 1744 963 1804 P.
974 1744 1140 1825 Scipiones,

185 1849 217 1897 et
233 1837 280 1896 avi
295 1836 340 1896 tni
358 1836 429 1908 duo,
444 1837 481 1896 L.
491 1837 632 1897 AEmilius
648 1851 679 1897 et
692 1838 728 1898 P.
737 1837 909 1911 Africanus,
927 1840 1069 1899 comitatu
1088 1861 1140 1900 no·

185 1932 288 1992 billum
301 1933 448 2011 juvenum
464 1930 607 1991 fortunati
622 1933 818 1994 ridebantur:
844 1955 901 1994 nec
921 1935 975 1994 ulli
992 1935 1140 1996 bonarum

186 2027 294 2086 artium
310 2027 446 2106 magistri
463 2047 522 2087 non
538 2028 617 2087 beati
633 2028 767 2108 putandi,
781 2030 915 2107 quemvis
932 2032 1141 2090 consenuerint

185 2123 273 2193 vires,
291 2134 378 2200 atque
402 2122 575 2182 defecerint.
623 2123 692 2182 Etsi
713 2125 770 2182 ista
790 2125 857 2205 ipsa
881 2125 1009 2186 defectio
1032 2125 1140 2184 virium

185 2217 394 2278 adolescentiae
403 2216 1023 2296 vitiisefficitursaepiusquamsenectutis.
1058 2220 1139 2278 Libi-

185 2314 287 2376 di'nosa
302 2315 391 2384 enim,
406 2326 438 2374 et
451 2315 651 2393 intemperans
668 2313 868 2372 adolescentia
885 2314 1016 2372 effoetum
1031 2332 1140 2392 corpus

183 2409 273 2470 tredit
288 2407 442 2470 senectuti.
483 2415 532 2470 30.
553 2408 652 2488 Cyrus
668 2406 791 2486 quidem
811 2406 891 2486 apud
908 2407 1139 2487 Xenophontem

183 2526 220 2565 eo
236 2526 383 2577 sermone,
398 2525 488 2585 quem
504 2504 635 2565 moriens
651 2502 763 2575 hebuit,
781 2523 851 2562 cum
868 2502 1029 2562 admodum
1044 2523 1139 2564 senex

183 2614 270 2670 esset,
284 2614 377 2681 neget
393 2621 426 2661 se
443 2620 572 2678 unquam
588 2598 724 2670 sensisse,
742 2611 927 2659 senectutem
944 2619 1029 2659 suam
1045 2599 1138 2662 imbe-

183 2697 327 2757 cilliorem
341 2697 462 2767 factam,
473 2715 565 2774 quam
578 2694 778 2754 adolescentia
790 2693 905 2755 fuisset.
944 2694 1015 2775 Ego
1026 2696 1063 2755 L.
1072 2696 1138 2756 Me·

182 2795 285 2853 tellum
304 2792 428 2852 memini
443 2811 522 2872 puer
538 2789 602 2872 (qui
619 2811 689 2850 cum
709 2788 906 2869 quadriennio
925 2803 993 2870 post
1013 2792 1138 2850 alterum

183 2890 365 2948 consulatum
378 2883 515 2967 pontifex
528 2887 676 2946 maximus
689 2885 785 2946 fectus
798 2899 887 2958 esset,
901 2885 1005 2965 viginti
1018 2899 1049 2946 et
1062 2885 1138 2947 duos

183 3003 272 3043 annos
283 2983 313 3044 ei
323 2983 489 3044 sacerdotio
498 2982 640 3064 praefuit),
649 2981 692 3041 ite
700 2982 786 3042 bonis
800 3002 866 3043 esse
877 2982 990 3043 viribus
1001 2996 1137 3044 extremo

182 3091 318 3158 tempore
334 3078 440 3149 aetatis,
457 3092 491 3138 ut
507 3078 739 3139 adolescentiam
758 3097 818 3138 non
837 3078 1010 3158 requireret.
1051 3078 1136 3140 Nihil

138 3161 141 3165 ’
181 3195 307 3237 necesse
322 3189 367 3236 est
381 3176 454 3237 mihi
466 3176 504 3236 de
514 3197 564 3235 me
575 3176 641 3256 ipso
651 3175 768 3235 dicere:
781 3195 962 3254 quamquam
976 3187 1021 3234 est
1030 3173 1062 3233 id
1072 3174 1135 3256 qui·

183 3269 254 3330 dem
268 3271 372 3345 senile,
387 3273 527 3351 aetatique
540 3283 648 3331 nostres
663 3271 843 3332 conceditur.

221 3459 262 3522 X.
283 3463 330 3520 31.
343 3461 512 3534 Videtisne,
526 3474 559 3522 ut
572 3461 653 3542 apud
663 3461 831 3520 Homerum
845 3451 1006 3538 saepissime
1021 3456 1135 3518 Nestor

182 3555 221 3614 de
234 3555 393 3616 virtutibus
410 3558 470 3618 snis
483 3558 649 3638 praedicet'l
690 3554 824 3614 Tertiam
841 3555 919 3612 euim
931 3554 996 3632 jam
1013 3565 1134 3614 aetatem

181 3651 335 3711 hominum
350 3651 485 3725 vivebat3
506 3641 564 3713 nec
581 3665 646 3711 eret
662 3650 691 3708 ei
705 3645 877 3718 verendum,
890 3667 1013 3718 nevere
1026 3648 1132 3727 praedi·

180 3765 249 3806 cens
260 3745 300 3805 de
314 3767 357 3819 se,
365 3745 453 3807 nimis
463 3746 614 3806 videretur
629 3756 679 3803 aut
693 3741 832 3808 insolens,
843 3754 894 3802 aut
904 3743 1022 3820 loquax.
1060 3742 1131 3804 Ete-
