2698 4508
486 476 686 531 estanores,
703 479 843 521 v.—csr.
858 481 878 520 r.

519 707 788 756 PAEADOXON
810 709 839 756 V.
912 751 918 764 ,,

295 799 351 846 Ὀτι
359 795 432 860 μόνος
444 795 457 846 ὁ
469 796 541 860 σοφὸς
552 796 689 860 ἐλεύθερος,
703 797 743 846 καὶ
757 803 802 856 πᾶς
813 799 893 862 ἄφρων
905 798 997 856 δοῦλος.

298 891 380 940 Solum
391 891 521 953 sapientem
531 906 582 938 esse
593 887 699 949 liberum,
712 899 734 939 et
745 907 835 944 omnem
846 891 946 940 stultum
956 907 1058 940 servum.

244 991 268 1048 Ι.
290 994 337 1047 33.
355 987 511 1046 Laudatur
523 1008 595 1048 vero
609 988 658 1046 hio
668 990 841 1068 Imperator,
853 1003 904 1048 aut
917 989 1007 1048 otiam
1023 993 1155 1068 appella·

205 1097 261 1154 tur,
276 1097 327 1142 aut
340 1084 396 1141 hoc
413 1083 534 1141 nomina
548 1083 655 1161 dignus
671 1097 801 1164 putetur.
842 1087 914 1156 Quo
931 1086 1022 1144 modo
1040 1098 1090 1144 aut
1105 1085 1155 1144 cui

205 1180 325 1238 tandem
339 1180 387 1238 hic
401 1179 494 1236 libero
508 1179 675 1256 imperabit,
689 1180 741 1256 qui
755 1199 814 1237 non
829 1193 928 1258 potest
945 1181 1155 1258 cupiditatibus

204 1275 452 1353 suistimperaret
498 1273 644 1332 Refrenet
660 1275 790 1352 primum
806 1274 953 1347 libidines,
971 1288 1091 1352 spernat
1106 1295 1155 1333 vo-

204 1373 342 1450 luptates,
363 1369 547 1431 iracundiam
571 1381 679 1439 teneat,
701 1382 837 1429 coerceat
861 1369 1023 1439 avaritiam,
1042 1381 1156 1428 ceteras

205 1467 294 1524 animi
311 1466 394 1525 labes
414 1466 557 1544 repellat:
585 1477 648 1522 tum
666 1463 787 1543 incipiat
807 1465 871 1522 aliis
893 1465 1048 1542 imperare,
1064 1483 1156 1541 quum

204 1561 269 1640 ipsc
280 1561 502 1639 improbissimis
513 1560 648 1630 dominis,
661 1560 804 1634 dedecori
815 1580 849 1617 ac
863 1559 1040 1638 turpitudini
1050 1579 1156 1637 parere

205 1656 334 1714 desierit.
374 1656 457 1714 Dum
469 1655 588 1734 q'uidcm
601 1656 647 1714 his
663 1655 792 1724 obediet,
803 1675 864 1712 non
877 1654 968 1712 modo
979 1654 1156 1733 Imperator,

205 1752 257 1810 sed
272 1751 349 1810 liber
361 1751 515 1812 habendus
533 1751 651 1810 omnino
668 1771 728 1810 non
744 1750 808 1810 erit.
849 1751 999 1809 Praeclare
1017 1750 1097 1808 enim
1111 1761 1157 1808 est

204 1848 262 1906 boc
275 1861 448 1926 usurpatum
464 1867 481 1904 a
493 1846 681 1916 doctissimis,
696 1866 824 1923 quorum
838 1865 894 1923 ego
909 1845 1082 1904 auctoritate
1096 1864 1157 1902 non

206 1956 314 2012 uterer,
332 1943 357 2000 si
374 1943 446 2000 mihi
464 1941 543 2020 apud
560 1941 674 2018 aliquos
695 1947 828 2018 agrestes
844 1940 909 1999 haee
925 1940 1062 1998 habenda
1078 1951 1158 1998 esset

207 2038 318 2098 oratio:
343 2058 434 2114 quum
456 2056 527 2094 vero
553 2035 632 2112 apud
653 2035 896 2113 prudentissimos
920 2036 1033 2112 loquar,
1051 2035 1158 2111 quibus

205 2134 270 2192 heec
279 2130 415 2192 inaudita
429 2133 493 2192 no'n
501 2141 579 2199 sunt,
590 2148 645 2186 cur
657 2149 715 2206 ego
728 2128 875 2197 simulem,
884 2148 944 2197 me,
955 2128 980 2186 si
991 2129 1060 2204 quid
1072 2130 1102 2186 in
1112 2129 1158 2186 his

152 2213 155 2218 Δ
206 2225 311 2288 studiis
323 2245 422 2304 oparae
434 2223 593 2302 posuerim,
603 2222 788 2300 perdidissel
830 2221 954 2279 Dictum
965 2234 1009 2280 est
1019 2221 1109 2298 igitur
1120 2222 1157 2278 ab

207 2319 410 2382 eruditissimis
425 2319 504 2388 viris,
519 2318 576 2376 nisi
589 2317 764 2396 sapientem,
777 2316 905 2374 liberum
920 2335 985 2372 esse
1000 2315 1158 2372 neminem.

207 2425 255 2478 34.
277 2417 361 2490 Quid
379 2428 423 2475 est
444 2415 524 2473 enim
541 2413 684 2473 libertast
722 2413 861 2472 Potestas
881 2409 1008 2480 vivendi,
1025 2421 1058 2468 ut
1077 2408 1159 2468 velis.

208 2513 285 2586 Quis
296 2514 387 2592 igitur
395 2512 476 2581 vivit,
485 2523 518 2569 ut
528 2511 598 2579 vult,
611 2508 667 2566 nisi
679 2507 823 2585 quirecta
836 2504 977 2582 sequitur,
988 2504 1039 2582 qui
1049 2501 1160 2580 gaudet

209 2611 312 2681 officio,
328 2609 376 2669 cui
389 2606 509 2668 vivendi
522 2606 574 2677 via⁴
586 2604 770 2664 considerata
787 2615 874 2681 atque
889 2600 1006 2680 provisa
1020 2598 1085 2656 esti
1108 2598 1159 2672 qui

209 2705 323 2784 legibus
334 2703 454 2782 quidem
466 2723 525 2762 non
536 2713 658 2780 propter
668 2712 781 2758 metum
791 2709 886 2776 paret,
898 2695 950 2756 scd
961 2711 1010 2749 eas
1024 2691 1159 2768 sequitur·

209 2814 300 2878 atque
311 2800 391 2870 colit,
400 2799 470 2876 quia
479 2797 510 2855 id
521 2798 648 2856 salutare
659 2793 790 2852 maxime
801 2811 866 2852 esse
873 2787 1003 2865 judicat:
1022 2785 1158 2863 quivnihil

209 2896 289 2964 dicit,
309 2894 475 2963 nihilfecit,
498 2893 571 2950 nihil
596 2889 705 2968 cogitat
728 2888 867 2963 denique,
889 2881 946 2940 nisi
967 2881 1096 2940 libenter
1123 2901 1159 2938 ac
1340 2961 1341 2964 Ἴ

209 2993 320 3050 libere:
339 2991 424 3069 cujus
439 2988 538 3047 omnia
551 2985 682 3054 consilia,
693 3001 800 3058 resque
813 2996 925 3046 omnes,
936 2997 1008 3053 quas
1023 2976 1109 3053 gerit,
1120 2977 1159 3034 ab
1172 2955 1326 3072 Qum&

209 3087 275 3165 ipso
286 3063 964 3166 proficiscuntllffis’ss‘mreerumffr’t'nec
975 3083 1019 3160 ἢεί
1029 3072 1090 3128 ulla
1100 3090 1158 3139 res,

209 3203 274 3259 quae
292 3183 358 3260 plus
379 3179 459 3260 apud
477 3199 545 3237 eum
565 3179 684 3256 polleat,
700 3189 787 3250 quem
805 3167 897 3246 ipsius
913 3166 1047 3224 voluntas
1069 3177 1158 3239 atque

209 3277 374 3357 judicium:
396 3275 445 3334 cui
459 3273 580 3351 quidem
597 3271 693 3336 etiem,
709 3284 775 3342 quae
793 3261 852 3322 vim
868 3260 979 3318 habere
1000 3257 1159 3316 maximam

209 3373 325 3442 dicitur,
344 3371 477 3437 Fortuna
498 3369 563 3448 ipsa
587 3365 681 3428 cedit:
712 3355 930 3432 sicutvsapiens
954 3364 1043 3430 poeta
1064 3351 1157 3422 dixit3

210 3469 281 3527 Sais
295 3487 329 3524 ea
342 3463 575 3544 cuiquefimgimr
588 3455 722 3514 moribus.
763 3451 826 3508 Soli
840 3449 932 3525 igitur
944 3447 1002 3503 hoc
1017 3444 1160 3522 contingit

208 3563 344 3642 sepienti,
358 3574 391 3619 ut
407 3560 480 3618 nihil
494 3555 582 3614 saciat
598 3549 713 3616 invitus,
727 3545 800 3604 nihil
813 3543 928 3610 dolens,
942 3539 1014 3596 nihil
1032 3551 1160 3598 coactus.

209 3665 256 3722 35.
274 3657 367 3731 Quod
386 3655 441 3713 etsi
454 3655 496 3710 ita
511 3669 576 3708 esse
598 3633 735 3724 pluribus
752 3638 850 3698 verbis
867 3635 1073 3695 disserendum
1094 3647 1158 3694 est:

103 3797 109 3820 ,
208 3753 283 3812 illud
302 3765 402 3810 tamen
423 3761 452 3806 et
467 3748 558 3804 breve
579 3753 610 3800 et
630 3731 831 3798 confitendum
851 3743 903 3801 est,
920 3729 977 3788 nisi
992 3730 1046 3808 qui
1062 3729 1103 3788 ita
1122 3729 1161 3788 sit

209 3849 342 3918 effectus,
355 3845 483 3904 liberum
499 3859 567 3902 esse
582 3832 739 3898 neminem.
779 3827 866 3891 Servi
879 3826 970 3908 igitur
987 3844 1089 3886 omnes
1106 3825 1163 3884 im-.
