2698 4508
364 445 437 486 srva
454 443 494 498 nn
515 442 871 499 interula-erman,
883 446 964 490 xxrr.
1098 433 1140 494 dl

187 577 286 660 potius
307 574 454 646 amicitiae,
469 595 559 652 quam
575 594 723 654 oppressae
740 594 807 635 esse
822 576 985 636 videantur.
1026 579 1141 640 Caven-

188 675 260 736 dum
282 694 363 742 vero,
379 692 419 731 ue
438 672 527 732 etiam
544 671 576 729 in
596 691 704 749 graves
724 671 894 730 inimicitias
917 687 1085 733 convertunt
1108 696 1141 736 se

188 769 345 831 amicitioe:
374 787 412 826 ex
433 767 540 845 quibus
555 766 664 845 jurgia,
681 767 849 837 maledieta,
868 768 1054 826 contumeliae
1078 769 1142 848 gig·

188 878 306 936 nentur.
347 863 427 936 Ques
443 875 543 920 tamen
560 862 586 920 si
602 859 772 920 tolerabiles
795 875 890 932 erunt,
903 863 1035 924 ferendae
1055 876 1141 937 sunt;

189 973 219 1018 et
231 959 280 1018 hie
293 959 385 1018 honos
399 957 492 1016 veteri
507 956 644 1016 amicitiae
661 957 846 1028 tribuendus,
861 971 894 1016 ut
907 959 932 1018 is
946 959 977 1017 in
992 962 1081 1039 eulpa
1094 962 1142 1030 sit,

189 1044 242 1132 qui
252 1055 349 1124 faciat,
359 1073 420 1112 nou
430 1053 465 1122 is,
476 1052 527 1129 qui
537 1052 667 1130 patiatur
679 1052 827 1131 injuriam.
867 1054 995 1114 Omnino
1009 1057 1144 1116 omnium

188 1151 296 1208 horum
305 1148 440 1209 vitiorum
452 1159 542 1225 atque
549 1147 800 1210 incommodorum
811 1169 870 1207 una
880 1150 978 1210 cautio
990 1163 1143 1229 astatque

189 1267 250 1306 una
263 1245 401 1325 provisi0,
413 1257 447 1304 ut
460 1264 498 1303 ue
514 1243 603 1302 nimis
617 1243 678 1302 cito
692 1243 818 1322 diligere
832 1244 983 1324 incipiant,
993 1267 1069 1306 neve
1083 1268 1144 1306 non

190 1341 307 1419 dignos.
354 1345 400 1398 79.
423 1339 517 1418 Digni
534 1351 634 1405 autern
653 1351 723 1398 sunt
743 1339 882 1410 amicitia,
900 1340 1007 1416 quibus
1023 1342 1054 1399 in
1070 1342 1144 1420 ipsis

189 1436 267 1496 inest
290 1457 388 1506 eausa,
407 1457 461 1496 eur
481 1435 652 1514 diligantur.
692 1435 808 1494 Rarum
832 1439 946 1514 genus!
972 1437 1145 1514 etquidem

192 1532 292 1590 omnia
311 1533 454 1610 praeclara
473 1551 548 1601 rara,
563 1551 619 1591 nee
636 1530 798 1608 quidquam
816 1530 972 1603 difficilius,
987 1553 1078 1610 quam
1097 1553 1144 1592 re·

110 1620 113 1628 ’
191 1627 299 1706 perire,
313 1626 391 1704 quod
406 1626 444 1684 ait
460 1626 540 1686 omni
557 1645 596 1686 ex
612 1617 746 1704 partein
766 1646 820 1684 suo
841 1646 953 1705 genere
971 1628 1145 1706 perfectum.

192 1723 252 1784 Sed
270 1722 408 1800 plerique
426 1741 524 1799 neque
542 1722 573 1780 in
592 1722 683 1783 rebus
700 1721 837 1802 humanis
854 1721 1017 1802 quidquam
1034 1725 1146 1784 bonurn

192 1831 309 1886 norunt,
329 1817 386 1876 nisi
409 1817 488 1894 quod
511 1817 697 1876 fructuosum
724 1817 770 1886 sit,
794 1799 971 1890 effeminet,
996 1831 1146 1898 tamquam

192 1912 333 1994 pecudes,
351 1933 403 1971 eos
419 1911 606 1990 potissimum
623 1912 762 1991 diligunt,
776 1933 819 1972 ex
840 1913 946 1990 quibus
969 1927 1092 1992 sperant
1114 1934 1146 1974 aa
1170 1936 1175 1944 ·

192 2009 357 2068 maximum
374 2007 505 2091 fructum
524 2027 591 2069 esse
614 2019 762 2086 capturos.
813 2013 861 2068 80.
882 2008 930 2068 Ita
945 2009 1148 2094 pulqhsnima

193 2105 246 2166 illa
262 2117 294 2164 et
309 2104 441 2162 maxime
458 2101 583 2162 naturali
596 2115 699 2162 emant
716 2102 847 2162 amititia
859 2123 916 2182 per
932 2124 965 2164 se
981 2117 1012 2163 et
1025 2116 1149 2183 propter

193 2221 225 2264 se
239 2199 418 2279 expetenda,
429 2219 486 2259 nee
500 2199 557 2278 ipsi
567 2199 626 2259 sibi
636 2183 776 2278 exemplo
788 2210 865 2270 sunt,
876 2200 941 2258 haee
951 2201 996 2260 vis
1010 2201 1147 2260 amicitias

193 2297 289 2376 qualia
303 2309 335 2356 et
345 2308 455 2374 quanta
470 2295 516 2354 eit.
532 2359 537 2366 l
556 2295 625 2374 Ipse
639 2295 719 2354 enim
733 2314 766 2354 se
780 2294 908 2372 quisque
922 2293 1026 2372 diligit,
1041 2315 1103 2354 non
1115 2307 1149 2353 ut

194 2392 325 2469 aliquam
348 2409 366 2450 a
386 2411 419 2450 se
440 2390 506 2468 ipae
529 2389 704 2450 mercedem
728 2389 829 2468 exigat
851 2388 984 2448 caritatis·
1005 2409 1076 2459 suae,
1093 2389 1148 2448 sed

195 2487 272 2566 quod
283 2503 347 2566 per
363 2504 396 2545 ae
416 2485 472 2544 sibi
489 2484 614 2563 quisque
635 2505 721 2544 eurus
742 2498 794 2552 est.
835 2483 929 2557 Quod
945 2484 1005 2553 nisi
1018 2485 1099 2544 idem
1116 2486 1148 2544 in

195 2583 354 2642 amicitiam
365 2581 566 2649 transferatur,
578 2600 667 2640 verus
677 2580 792 2651 amiens
803 2600 954 2658 uunquam
967 2581 1147 2660 reperietur:

196 2690 241 2738 est
258 2677 380 2736 animis
397 2676 518 2754 quidem
539 2689 694 2754 tamquam
714 2676 790 2736 alter
806 2676 894 2735 idem.
944 2681 992 2736 81.
1014 2676 1149 2749 Quodsi

194 2775 251 2834 hoe
276 2785 402 2852 apparet
422 2772 454 2831 in
470 2771 582 2842 bestiis,
596 2772 780 2840 uolneribus,
800 2772 951 2844 nantibus,
972 2774 1149 2852 agrestibus,

197 2869 356 2939 cicuribus,
366 2867 446 2937 feris,
456 2867 587 2947 primum
601 2879 635 2926 ut
647 2887 679 2926 se
694 2867 766 2946 ipsae
780 2867 906 2946 diligant
921 2868 965 2945 (id
979 2869 1059 2928 enim
1072 2871 1149 2950 pari·

197 2977 244 3024 ter
265 2983 332 3024 eum
354 2963 435 3022 omni
456 2962 605 3022 animante
625 2961 787 3039 naseitur):
814 2962 925 3022 deinde
946 2977 979 3022 ut
998 2965 1151 3042 requirant

198 3073 285 3138 atque
310 3071 462 3140 appetant,
484 3058 523 3117 ad
545 3078 618 3138 quas
641 3079 673 3116 se
695 3045 848 3138 applicent
871 3060 1007 3139 ejusdem
1031 3062 1150 3138 generis

198 3155 361 3214 animantes
370 3178 379 3226 ;
400 3154 490 3232 idque
507 3154 620 3212 faciunt
634 3173 702 3218 eum
718 3153 875 3225 desiderio,
890 3166 919 3212 et
936 3157 1004 3213 cum
1021 3155 1150 3232 quedam

197 3250 389 3310 similitudine
407 3249 514 3308 amoris
531 3248 671 3308 humani:
697 3263 808 3328 quanto
824 3250 857 3308 id
872 3250 967 3329 magis
983 3250 1014 3307 in
1031 3249 1150 3309 herniae

197 3346 360 3417 situatum,
376 3345 427 3422 qui
441 3358 472 3403 et
485 3366 518 3404 se
531 3346 598 3423 ipse
611 3345 716 3424 diligit,
731 3358 762 3404 et
775 3348 899 3407 alterum
915 3345 1051 3423 anquirit,
1066 3345 1150 3422 cnjus

198 3442 330 3502 animum
347 3441 390 3500 ita
410 3461 479 3500 uum
499 3461 553 3502 suo
573 3442 703 3513 misceat,
718 3455 751 3500 ut
767 3441 877 3501 efficiat
889 3462 977 3519 paene
998 3461 1090 3500 unum
1111 3461 1151 3500 ex

198 3536 337 3596 duobual

197 3746 201 3752 ’
237 3726 343 3786 XXII.
361 3731 409 3786 82.
422 3727 484 3786 Sed
493 3726 631 3807 plerique
640 3745 789 3806 perverse,
797 3745 835 3784 ne
845 3724 943 3800 dicam
952 3725 1152 3805 impudenter,

200 3823 329 3894 amisum
339 3823 451 3886 habere
461 3825 552 3884 talem
562 3825 674 3895 uolunt,
684 3824 788 3902 quales
799 3821 858 3903 ipsi
866 3841 933 3883 esse
946 3843 1006 3884 non
1016 3835 1154 3903 possuntt
