2664 4508
377 374 449 420 srva
466 374 507 417 ns
524 375 832 436 subamara—cnr.
844 373 909 418 xvr.
1080 362 1118 438 21

171 507 365 579 rusticarum
387 505 442 565 sed
455 525 492 566 ea
506 506 579 586 ipsa,
593 527 660 585 quae
674 505 745 577 dixi,
759 507 851 566 luisse
867 506 964 566 sentio
976 508 1122 587 longiore.

171 599 333 681 Ignoscetis
351 613 466 673 autem;
488 621 559 660 nam
576 613 607 662 et
622 591 721 661 studio
739 621 840 660 rerum
860 602 1037 661 rusticarum
1053 625 1121 684 pro·

170 711 272 757 vectam
286 718 361 767 snm,
370 709 400 755 et
413 709 548 756 seneoms
563 710 609 755 est
621 709 727 756 natura
736 697 888 775 loquacior
897 702 913 774 εἶ
925 718 964 755 ne
979 699 1016 756 ab
1027 699 1120 758 omni·

170 793 227 852 bus
251 813 318 852 eam
341 792 417 865 vitiis
436 792 540 851 videar
558 792 719 851 vindicam.
758 793 843 870 Ergo
863 793 893 850 in
913 794 969 851 hac
988 794 1050 853 rita
1067 795 1120 853 Μ’.

171 887 289 959 Curius,
308 881 377 947 cuni
398 887 436 946 de
454 887 650 956 Samnitibus,
667 886 706 946 de
728 887 853 958 Sabinis,
871 887 910 946 de
929 889 1048 966 Byrrbo
1071 889 1120 946 tri-

169 985 349 1062 umphasset,
371 983 531 1042 consumsit
557 995 725 1042 extremum
751 996 868 1062 tempus
894 985 1004 1042 aetatis:
1035 985 1120 1063 cujus

170 1078 292 1156 quidem
309 1099 366 1156 ego
382 1078 482 1136 villam
499 1063 701 1156 contemplani
719 1079 816 1155 (abest
832 1078 912 1136 enim
924 1098 985 1137 non
998 1080 1121 1157 longea

169 1173 231 1250 me)
250 1171 388 1232 admirari
405 1173 475 1232 satis
494 1191 555 1231 non
568 1191 690 1250 possum
706 1173 755 1232 vel
772 1173 899 1232 hominis
915 1173 1010 1253 ipsius
1028 1175 1122 1234 conti-

169 1269 311 1338 nentiam,
330 1269 379 1326 vel
402 1280 573 1347 temporum
596 1267 793 1346 disciplinam.
840 1267 942 1363 Curio,
963 1268 1001 1326 ad
1020 1269 1121 1327 focum

168 1363 295 1433 sedenti,
308 1383 450 1441 magnum
470 1363 535 1422 auri
553 1362 671 1440 pondus
691 1363 840 1422 Samnites
861 1383 928 1422 cum
950 1364 1121 1435 attulissent,

168 1459 317 1537 repudiati
331 1460 372 1521 ah
383 1479 420 1517 eo
434 1469 511 1516 sunt.
552 1462 600 1516 56.
618 1456 687 1516 Non
702 1457 781 1515 enim
797 1477 900 1516 aurum
914 1458 1033 1527 babere,
1048 1478 1121 1537 prse-

169 1555 284 1615 clarum
305 1553 363 1613 sibi
382 1553 478 1613 videri
497 1552 591 1624 dixit3
619 1553 673 1610 sed
696 1552 750 1623 eis,
767 1552 819 1628 qni
838 1552 982 1612 haberent
1006 1573 1120 1622 aurum,

168 1650 325 1728 imperare.
361 1649 524 1708 Poteratne
533 1660 630 1706 tantus
639 1648 753 1706 animus
763 1667 819 1705 non
830 1647 948 1707 efficere
955 1644 1120 1727 ju'cundam

169 1745 374 1804 senectuteml
415 1743 477 1802 Sed
490 1743 576 1802 venio
590 1743 628 1802 ad
642 1743 802 1822 agricolam
824 1762 863 1800 ne
878 1764 896 1802 a
909 1744 1025 1822 meipso
1038 1763 1120 1802 rece·

170 1838 248 1898 dam.
282 1840 317 1898 In
329 1839 408 1918 agris
419 1853 502 1898 erant
512 1852 575 1898 tum
587 1851 748 1909 senatores,
756 1839 788 1897 id
798 1850 843 1897 est
853 1857 955 1914 senes:
973 1839 1120 1916 siquidem

170 1936 263 1994 aranti
274 1937 311 1995 L.
320 1935 462 2008 Quinctio
477 1934 653 1994 Cincinnato
667 1935 834 1994 nuntiatum
848 1947 901 2004 est,
916 1955 985 1994 eum
1000 1936 1120 1994 dictato-

170 2051 234 2088 rem
248 2051 312 2090 esse
328 2031 454 2089 sactum:
472 2031 557 2108 cujus
572 2029 724 2090 dictatoris
732 2030 819 2108 jussu
833 2031 973 2108 magister
987 2032 1120 2110 equitum

171 2126 207 2185 C.
218 2125 362 2184 Servilius
372 2127 470 2185 Ahala
480 2125 532 2204 Sp.
543 2125 676 2184 Maelium
690 2145 815 2202 regnum
831 2109 1023 2204 appetentem
1035 2147 1121 2186 occu·

170 2233 273 2300 patum
295 2220 450 2280 interemit.
489 2223 520 2280 A
541 2219 661 2278 villain
683 2232 818 2280 senatum
843 2222 1068 2280 arcessebantur
1091 2235 1122 2280 et

170 2316 289 2386 Curius,
303 2329 334 2374 et
348 2315 440 2374 ceteri
453 2336 541 2374 senes
549 2338 557 2387 ;
580 2335 618 2372 ex
633 2334 699 2391 quo,
713 2314 764 2390 qui
778 2333 831 2372 eos
846 2317 1043 2384 arcessebant,
1057 2318 1120 2374 cia·

170 2421 242 2470 tom
254 2411 398 2470 nominati
411 2423 488 2470 eunt.
528 2410 612 2470 Num
626 2409 716 2487 igitur
729 2409 835 2466 horum
849 2422 987 2468 senectus
1001 2409 1120 2470 misera·

169 2506 238 2566 bilis
251 2507 314 2576 fuit,
327 2501 381 2584 ¹qui
394 2527 426 2564 se
441 2505 503 2584 agri
517 2505 647 2564 cultione
661 2502 871 2563 oblectabantl
912 2503 984 2562 Mea
998 2505 1120 2582 quidem
1167 2582 1173 2593 ·

170 2602 316 2660 sententia
335 2601 414 2662 haud
435 2601 506 2670 scio,
517 2619 555 2660 an
567 2602 650 2660 nulla
660 2599 775 2660 beatior
794 2599 889 2680 possit
910 2620 994 2660 esse:
1021 2621 1120 2680 neque

169 2699 266 2756 solum
295 2696 400 2768 officio,
425 2696 505 2774 quod
527 2696 680 2754 hominum
706 2695 811 2774 generi
838 2696 978 2755 universo
1005 2699 1121 2758 cultura

170 2813 310 2872 agrorum
328 2806 373 2857 est
389 2791 543 2862 salutarim
566 2790 620 2851 scd
633 2803 663 2849 et
676 2789 882 2860 delectatione,
896 2812 986 2869 quam
1003 2793 1075 2863 dixi,
1091 2807 1121 2852 et

168 2889 322 2948 saturitate
336 2887 482 2966 copiaque
498 2905 600 2946 rerum
614 2885 755 2956 omnium,
769 2906 836 2964 quae
853 2886 890 2945 ad
905 2887 1015 2946 victum
1028 2889 1120 2948 homi·

168 3005 250 3054 num,
268 2985 306 3043 ad
328 2986 442 3043 cultum
465 2982 556 3041 etiam
577 2981 701 3040 deorum
724 2982 891 3061 pertineam
921 2995 963 3053 ut,
980 2983 1120 3059 quoniam

168 3080 232 3139 haec
253 3080 375 3158 quidam
395 3078 622 3146 desiderantia
646 3076 772 3155 gratiam
791 3077 855 3156 jam
877 3097 944 3135 cum
966 3079 1120 3157 voluptate

168 3173 336 3234 redeamus.
377 3174 506 3252 Semper
520 3173 600 3232 enim
613 3172 684 3231 boni
699 3171 868 3249 assiduique
881 3171 995 3230 domini
1011 3173 1121 3231 referta

168 3271 247 3328 cella
263 3270 383 3341 vinaria,
400 3269 523 3340 olearia,
537 3269 626 3328 etiam
642 3268 766 3347 penaria
785 3279 839 3336 est,
853 3267 981 3344 villaque
1002 3279 1062 3345 tota
1078 3268 1120 3325 lo·

169 3365 272 3444 cuples
296 3377 353 3424 est:
383 3363 516 3424 abundat
539 3384 639 3443 porco,
660 3365 755 3433 haedo,
779 3382 866 3440 agno,
888 3363 1008 3440 gallina,
1032 3364 1119 3432 lacte,

168 3480 266 3530 caseo,
281 3460 380 3520 melle.
420 3460 441 3518 J
443 3480 491 3520 am
505 3461 623 3518 hortum
640 3459 696 3538 ipsi
713 3458 850 3536 agricolae
868 3456 1029 3516 succidiam
1046 3457 1118 3516 alte·

167 3576 232 3616 ram
250 3557 410 3635 appellant.
451 3556 624 3616 Conditiora
637 3555 709 3612 facit
721 3553 786 3610 haec
802 3549 1013 3628 supervacanei
1030 3549 1120 3612 etiam

168 3651 270 3731 operis
288 3652 450 3732 aucupium
467 3665 555 3729 atque
572 3648 701 3709 venatio.
741 3651 788 3704 57.
805 3643 892 3717 Quid
908 3644 947 3702 de
967 3657 1121 3724 pratorum

166 3747 326 3821 viriditate,
343 3761 394 3808 aut
414 3748 554 3811 arborum
572 3743 735 3812 ordinibus,
752 3751 803 3802 aut
821 3739 985 3813 vinearum,
999 3740 1120 3802 oliveto·
