2664 4508
231 399 273 458 ta
503 415 537 457 rs.
554 415 582 458 r.
599 413 760 458 eruiscius
779 413 909 470 unctus,

231 551 278 604 20.
296 545 417 616 Quanta
430 557 528 603 autem
537 545 581 604 vis
596 545 731 606 amicitias
741 547 788 618 sit,
798 567 836 606 ex
845 549 903 607 hoc
913 548 1040 626 intelligi
1050 521 1180 610 maxime

229 652 333 718 potest,
351 640 432 716 quod
449 660 486 698 ex
507 641 621 700 infinita
641 643 782 702 societate
803 644 922 724 generis
942 645 1072 720 humani,
1090 643 1181 722 quam

229 733 395 792 conciliavit
409 734 474 812 ipss
487 749 599 806 natura,
614 736 655 795 ita
669 751 820 798 contracta
833 759 882 798 res
896 753 949 809 est,
961 751 992 799 et
1005 739 1135 799 adducta
1148 740 1180 799 in

228 840 393 904 angustum,
405 842 437 887 ut
451 830 545 888 omnis
560 831 664 890 caritas
679 845 729 893 aut
742 833 820 892 inter
833 834 902 904 duo,
914 848 963 893 aut
977 835 1054 894 inter
1067 853 1180 914 paucos

225 921 414 1000 jungeretur.

264 1110 321 1170 VI.
339 1111 396 1172 Est
409 1127 507 1172 autem
522 1115 652 1176 amicitia
665 1117 740 1203 nihil
754 1118 845 1190 aliud,
855 1119 911 1177 nisi
924 1117 1057 1178 omnium
1068 1119 1179 1181 divina·

224 1225 291 1266 rum
308 1209 565 1288 humanarumque
580 1232 683 1273 rerum
701 1231 769 1274 cum
782 1215 991 1274 benevolentia
1007 1227 1038 1274 et
1054 1215 1178 1274 caritate

226 1323 341 1365 summa
363 1307 537 1367 consensio:
568 1330 627 1386 qua
649 1310 771 1387 quidem
791 1310 873 1368 haud
895 1310 967 1380 scio,
988 1329 1034 1380 an,
1051 1324 1179 1388 excepta

225 1401 380 1479 sapientia,
391 1401 553 1480 quidquam
567 1405 674 1462 melius
684 1405 796 1464 homini
810 1405 848 1463 sit
863 1405 947 1463 adiis
961 1406 1177 1464 immortalibus

224 1494 333 1554 datum.
375 1495 504 1555 Divitias
519 1497 568 1556 alii
582 1512 766 1576 praeponunt,
777 1499 886 1557 bonam
900 1499 951 1558 alii
965 1499 1176 1571 valetudinem,

224 1590 273 1647 alii
290 1577 461 1668 potentiam,
480 1593 530 1652 alii
544 1593 680 1660 honores,
694 1595 780 1649 multi
795 1593 886 1650 etiem
902 1596 1077 1672 voluptates.
1117 1595 1176 1653 Be·

222 1686 338 1744 luarum
354 1686 411 1744 hoo
425 1685 546 1764 quidem
563 1698 740 1744 extremum
750 1699 815 1744 est:
837 1686 887 1746 illa
905 1701 1004 1746 eutem
1022 1689 1177 1766 superiora

223 1779 337 1838 caduca
351 1792 382 1838 et
391 1781 511 1849 incerte,
521 1781 619 1858 posita
632 1801 691 1840 non
705 1781 808 1838 tamin
820 1781 948 1840 consiliis
960 1783 1075 1850 nostris,
1085 1803 1177 1860 quam

223 1875 252 1932 in
273 1875 398 1934 fortunae
422 1875 594 1934 temeritate.
636 1875 700 1947 Qui
722 1889 819 1933 autem
841 1876 873 1933 in
894 1877 1003 1936 virtute
1026 1897 1177 1937 summum

223 1969 334 2028 bonurn
343 1982 469 2049 ponunt,
481 1971 625 2048 praeclare
639 1970 682 2028 illi
696 1969 836 2048 quidem:
859 1971 914 2030 sed
924 1973 987 2031 haec
1001 1972 1067 2050 ipsa
1080 1973 1176 2032 virtus

223 2064 382 2122 amicitiam
396 2077 426 2123 et
441 2065 545 2144 gignit,
561 2077 591 2123 et
604 2065 754 2125 continet:
774 2086 831 2124 nec
847 2067 912 2125 sine
925 2067 1034 2126 virtute
1047 2069 1177 2128 amicitia
1261 2081 1263 2086 '

223 2179 289 2218 asse
300 2161 362 2221 ullo
372 2172 460 2238 pacto
469 2172 576 2238 potest.
616 2164 664 2219 21.
678 2161 700 2220 J
702 2181 748 2220 am
759 2161 897 2220 virtutem
909 2183 948 2222 ex
959 2163 1175 2222 consuetudine

223 2254 290 2314 vitae
301 2255 504 2332 sermonisque
514 2255 605 2317 nostri
616 2256 853 2334 interpretemur,
862 2277 1004 2326 neceam,
1013 2271 1045 2316 ut
1054 2257 1176 2335 quidam

224 2351 314 2423 docti,
328 2352 484 2411 verborum
505 2352 724 2430 magnificentia
744 2353 911 2423 metiamur,
925 2353 1063 2430 virosque
1080 2353 1176 2412 bonos

224 2467 286 2517 eos,
305 2448 355 2526 qui
371 2447 525 2518 habentur,
546 2467 747 2516 numeremus,
765 2447 887 2516 Paulos,
904 2445 1042 2517 Catones,
1060 2446 1175 2518 Gallos,

224 2542 389 2621 Scipiones,
404 2542 517 2602 Philos.
556 2542 615 2600 His
632 2540 795 2600 communis
808 2541 868 2599 vita
886 2554 1025 2600 contenta
1041 2553 1101 2600 est:
1124 2561 1175 2602 eos

223 2639 321 2696 autem
337 2637 513 2707 omittemus,
529 2637 580 2715 qui
594 2634 714 2695 omnino
728 2652 875 2713 nusquam
887 2636 1084 2714 reperiuntur.
1125 2641 1174 2696 22.

224 2733 315 2792 Tales
329 2733 422 2812 igitur
434 2734 512 2791 inter
524 2733 603 2791 viros
621 2732 750 2790 amicitia
766 2744 861 2789 tantas
877 2732 1112 2810 opportunitates
1125 2733 1176 2790 ha·

222 2831 282 2899 bet,
297 2843 419 2906 quantas
437 2829 487 2888 vix
504 2849 582 2906 queo
599 2828 707 2886 dicere.
748 2826 911 2905 Principio,
926 2827 977 2904 qui
994 2838 1093 2904 potest
1110 2846 1176 2886 esse

222 2927 284 2984 vita
300 2927 409 2994 vitalis,
424 2937 456 2982 ut
473 2925 514 2982 ait
527 2923 652 2991 Ennius,
667 2941 733 2999 quse
751 2941 809 2980 non
827 2921 914 2980 amici
931 2934 1034 2978 mutua
1048 2921 1176 2980 benevo-

222 3021 317 3079 lentia
336 3020 545 3096 conquiescati
587 3017 671 3090 Quid
681 3017 807 3087 dulcius,
818 3037 907 3094 quam
923 3016 1041 3085 habere,
1053 3018 1176 3094 quicum

224 3118 323 3176 omnis
346 3115 455 3175 audeas
479 3114 522 3172 sic
544 3114 635 3190 loqui,
653 3127 686 3171 ut
707 3113 829 3172 tecumi
878 3112 957 3184 Quis
979 3125 1057 3170 esset
1077 3124 1175 3170 tantus

223 3211 336 3270 fructus
350 3211 380 3268 in
394 3209 545 3289 prosperis
562 3210 661 3278 rebus,
674 3209 731 3266 nisi
746 3209 881 3277 haberes,
896 3207 947 3286 qui
961 3207 1020 3266 illis
1038 3228 1123 3285 aeque
1141 3227 1176 3266 ac

224 3308 331 3388 tuipse
345 3305 506 3385 gaudereti
546 3304 700 3366 Adversas
711 3324 780 3363 vero
793 3304 872 3367 ferre
883 3303 1003 3362 difficile
1018 3315 1098 3362 esset
1112 3302 1177 3362 sine

226 3424 271 3474 eo,
289 3403 339 3482 qui
358 3402 422 3460 illas
446 3398 566 3478 gravius
591 3398 689 3470 etiam,
712 3417 800 3478 quam
825 3412 866 3470 tu,
887 3398 987 3458 ferret.
1037 3398 1177 3474 Denique

226 3513 331 3560 ceterae
342 3517 400 3566 res,
410 3517 477 3574 quae
488 3508 678 3574 expetuntur,
688 3505 864 3576 opportuuae
875 3506 943 3554 sunt
953 3493 1077 3572 singule
1087 3493 1177 3550 rebus

226 3595 289 3656 fere
303 3591 442 3672 singulis:
461 3591 580 3661 divitias,
592 3604 625 3650 nt
637 3604 739 3661 utare;
759 3611 841 3670 opes,
856 3603 889 3649 ut
903 3590 1019 3659 colare;
1037 3587 1175 3656 honores,

227 3705 261 3752 ut
275 3689 411 3757 laudere;
433 3686 612 3764 voluptates,
629 3699 663 3744 ut
683 3686 832 3764 gaudeas,
854 3684 1003 3754 valetudo,
1022 3695 1054 3740 ut
1073 3681 1177 3740 dolore

229 3805 337 3858 careas
349 3796 379 3843 st
391 3780 564 3840 muneribus
574 3781 701 3857 fungere
715 3780 855 3857 eorporis
895 3778 1038 3838 Amicitia
1050 3795 1099 3835 res
1112 3775 1178 3854 plu·

21 4170 801 4470 [n
