2664 4508
200 357 242 421 22
429 373 463 413 n.
480 372 509 412 r.
526 367 691 412 cressonis
708 366 790 410 caro
809 362 923 417 uaros,

200 523 304 563 rumve
317 503 418 583 speeie
432 500 552 560 dicaml
592 498 684 560 Brevi
696 495 874 578 precidem:
896 515 969 576 agro
982 495 1061 557 bene
1075 500 1157 560 culto

173 637 174 642 κ
200 600 275 658 nihil
288 611 464 678 potestesse
478 617 536 657 nee
550 617 606 656 usu
619 595 752 664 uberius,
765 613 821 652 nec
835 592 936 672 specie
950 593 1100 666 ornatius3
1118 595 1157 655 ed

202 715 292 773 quem
306 693 466 752 fruendum
482 713 541 752 non
555 690 646 752 modo
661 711 721 750 non
736 689 878 759 retardat,
892 708 997 748 verum
1010 690 1103 751 etiem
1115 692 1157 750 in·

201 791 378 866 vitatatque
397 789 517 849 allectat
536 800 680 874 senectus.
721 786 783 846 Ubi
797 785 876 844 enim
890 797 989 864 potest
1001 785 1055 846 illa
1075 800 1155 858 aetas,

202 898 254 944 aut
268 885 418 945 calescere
431 886 481 944 vel
495 883 675 963 apricatione
688 881 806 951 meiius,
816 881 865 940 vel
875 879 946 959 igni,
960 893 1013 942 aut
1026 881 1156 942 vicissim

201 980 313 1040 umbris
341 981 464 1060 aquisve
490 978 663 1058 refrigerari
687 976 858 1038 salubriusl
909 979 957 1034 58.
978 975 1044 1035 Sibi
1065 976 1157 1055 igitur

201 1075 331 1135 habeant
348 1097 439 1145 arma,
453 1075 511 1134 sibi
525 1095 625 1152 equos,
639 1073 696 1134 sibi
710 1073 816 1142 hastas,
831 1071 888 1131 sibi
905 1073 1028 1144 clavam,
1042 1072 1098 1132 tibi
1112 1073 1155 1152 pi·

201 1174 272 1242 lam,
283 1171 340 1230 sibi
353 1171 518 1230 natationes
532 1183 620 1248 atque
634 1188 755 1228 cursus:
776 1167 862 1226 nobis
878 1168 1000 1227 senibus
1014 1188 1053 1227 ex
1066 1169 1154 1228 lusio·

200 1267 289 1327 uibus
305 1267 406 1326 multis
418 1268 492 1326 telos
505 1266 675 1343 relinquant
687 1275 718 1322 et
729 1277 877 1322 tesseras:
898 1263 930 1322 id
944 1263 1043 1343 ipsum
1056 1275 1155 1324 utrum

201 1365 332 1438 lubebit3
355 1364 496 1444 quoniam
509 1363 573 1423 eine
586 1362 632 1420 his
645 1362 734 1420 beate
747 1379 812 1436 este
826 1371 962 1420 eeneaus
975 1372 1082 1439 potest

241 1555 347 1614 XVII.
371 1560 419 1614 59.
438 1549 549 1613 Multae
570 1550 609 1612 ad
629 1572 678 1612 res
698 1551 840 1632 perutiles
859 1551 1067 1632 Xenophontis
1086 1551 1155 1610 libri

201 1645 888 1727 suut,queslegite,quaeso,emdiose,utfaeitis.
923 1648 1025 1720 Quam
1034 1647 1155 1727 copiose

202 1745 240 1802 ab
254 1763 290 1803 eo
305 1745 484 1822 agricultura
493 1741 632 1802 laudatur
641 1743 672 1812 in
686 1763 722 1802 eo
732 1742 810 1802 libro
828 1743 879 1821 qui
889 1756 935 1802 est
944 1742 983 1802 de
996 1742 1107 1802 tuenda
1120 1763 1155 1801 re

200 1838 348 1908 familiari,
366 1839 417 1916 qui
436 1839 634 1898 OEcmtomim
650 1837 835 1897 inscribitur!
876 1840 989 1916 Atque,
1000 1850 1032 1897 ut
1048 1837 1154 1896 intelli·

134 1997 135 2002 ,
201 1933 478 2013 gatis,nihileitem
488 1933 706 2012 regalevideri,
716 1953 805 2011 quam
816 1933 945 1992 studium
956 1934 1154 2013 agricolandi,
1200 1930 1208 1942 “

202 2031 341 2089 Socrates
355 2030 387 2088 in
401 2049 439 2090 eo
452 2027 529 2088 libro
540 2029 667 2106 loquitur
679 2049 748 2088 cum
760 2027 923 2099 Critobulo,
935 2028 1049 2106 Cyrum
1063 2030 1154 2088 mino·

201 2135 275 2197 rem,
289 2145 394 2205 regem
407 2126 577 2195 Persarum,
590 2137 782 2204 praestantem
795 2125 918 2203 ingenio
932 2138 1022 2202 atque
1036 2125 1155 2205 imperii

200 2221 303 2300 gloria,
315 2241 384 2280 cum
398 2220 554 2300 Lysander
568 2220 822 2290 Lecaedemouius,
832 2219 878 2279 vir
890 2237 1014 2279 summae
1028 2220 1153 2291 virtutis,

199 2318 331 2378 venisset
348 2317 386 2378 ad
400 2338 469 2378 eum
483 2315 595 2388 Sardis,
610 2315 796 2397 eique-dona
813 2336 831 2375 a
847 2315 935 2376 sociis
952 2316 1110 2386 attulisset,
1125 2329 1155 2376 et

200 2415 310 2474 ceteris
319 2415 350 2474 in
359 2415 450 2472 rebus
461 2433 651 2473 communem
661 2431 735 2490 erga
744 2410 944 2490 Lysandrum,
955 2424 1044 2490 atque
1051 2412 1154 2471 huma·

199 2529 271 2568 num
286 2509 387 2578 fuisse,
404 2520 436 2566 et
453 2508 482 2566 ei
498 2506 648 2585 quendam
665 2519 839 2587 conseptum
861 2527 977 2586 agnum,
994 2507 1155 2586 diligenter

200 2605 347 2662 consitum
361 2601 536 2662 ostendisse.
576 2601 654 2661 (lum
672 2616 771 2662 autem
788 2603 985 2662 admiraretur
998 2602 1155 2684 Lysander

200 2711 232 2758 et
239 2698 435 2777 proceritates
444 2697 593 2768 arborum,
601 2699 770 2758 etdirecto
778 2697 809 2757 in
818 2699 1014 2777 quincuncem
1022 2698 1152 2771 ordines,

200 2806 231 2852 et
243 2795 367 2853 humum
381 2793 533 2853 subactam
548 2805 636 2872 atque
650 2814 766 2873 puram,
780 2807 811 2854 et
827 2796 1004 2855 suavitatem
1017 2795 1152 2867 odorum,

200 2889 252 2967 qui
263 2888 432 2948 afflarentur
445 2908 462 2946 e
476 2889 613 2961 flentes,
634 2903 697 2948 tum
712 2911 782 2950 eum
797 2890 918 2960 dixisse,
929 2891 1032 2953 mirari
1047 2911 1080 2950 se
1092 2911 1153 2950 non

201 2983 290 3043 modo
307 2983 499 3061 diligentiam,
513 2982 568 3043 sed
584 2985 673 3046 etiam
690 2986 841 3046 solertiam
859 2987 935 3066 ejus,
949 3007 966 3046 a
979 3006 1039 3064 quo
1054 2999 1154 3046 essent

199 3082 252 3141 illa
267 3082 401 3144 dimensa
421 3095 512 3160 atque
528 3081 694 3162 descripta3
717 3082 794 3142 etei
811 3083 925 3162 Cyrum
945 3082 1152 3162 respondisset

199 3179 292 3256 Atqui
305 3198 356 3254 ego
369 3178 467 3236 omnia
480 3179 537 3238 ieta
550 3197 613 3238 rum
623 3179 788 3246 dimensam
810 3181 866 3238 mei
879 3189 946 3238 tent
956 3179 1078 3249 ordina,
1089 3197 1152 3237 mea

199 3271 353 3348 desniptio
361 3295 374 3340 ,·
395 3271 495 3332 multra
508 3270 597 3330 etiem
609 3273 732 3330 laterem
748 3271 884 3331 arborem
901 3291 966 3331 mee
983 3293 1072 3331 maen
1087 3280 1153 3330 wat

197 3379 278 3429 tate.
320 3367 400 3427 Tum
422 3365 621 3446 Lysandrum,
637 3366 808 3446 intuentem
834 3388 1000 3448 purpuram
1027 3369 1102 3447 ejus,
1123 3379 1153 3425 et

198 3464 327 3524 nitorem
344 3463 487 3544 corporis,
502 3475 698 3541 ornatumque
713 3461 868 3522 Persicum
884 3465 980 3524 multo
993 3483 1065 3522 auro
1079 3462 1153 3521 mul·

198 3559 295 3638 tisque
306 3561 442 3640 gemmis,
452 3560 583 3620 dixisse:
601 3561 689 3620 Recte
698 3579 763 3618 vero
773 3569 808 3630 tc,
824 3559 909 3636 Cyre,
923 3559 1154 3640 beatemferent,

199 3656 335 3731 qnoniam
345 3658 447 3716 virtuti
457 3657 647 3736 tressortem
660 3655 808 3735 conjuncte
817 3659 878 3714 ert!
918 3659 967 3715 60.
984 3655 1155 3732 Hacigitnr

199 3748 318 3809 fortune
327 3751 385 3810 frui
395 3751 467 3811 licet
479 3751 619 3848 seruilius:
637 3772 695 3811 nec
706 3763 779 3812 retas
789 3749 924 3830 impedit,
935 3770 996 3828 quo
1005 3747 1106 3808 minue
1121 3759 1154 3807 et
