2698 4508
436 465 770 538 urricus-onaan,
784 485 853 528 xm.
1061 456 1122 530 '113

168 617 315 679 industria
327 615 438 675 factum
453 627 506 685 est,
520 617 553 674 ut
566 615 672 674 eodem
689 615 792 675 nuntio
806 614 944 676 Saufeius
956 616 1042 675 fieret
1059 623 1120 676 ce'r·

168 716 234 784 tior,
252 735 284 772 se
302 711 514 791 patrimonium
536 711 668 770 amisisse
685 723 718 769 et
736 731 937 789 recuperasse.
978 712 1064 770 Idem
1084 713 1120 772 L.

167 811 190 870 J
191 810 286 868 ulium
303 805 449 877 Calidum,
464 827 552 884 quem
568 819 636 886 post
652 806 786 866 Lucretii
803 806 970 885 Catullique
992 821 1120 866 mortem

167 905 263 963 'multo
290 902 542 981 elegantissimum
568 911 688 980 poe'tam
715 913 844 962 nostrum
873 903 976 962 tulisse
1001 915 1120 962 aetatem

167 1019 239 1058 vere
252 995 355 1057 videor
367 1013 455 1075 posse
469 997 658 1067 contendere,
672 1015 772 1074 neque
785 996 887 1054 minus
897 997 994 1056 virum
1007 997 1119 1058 bonum

168 1093 349 1174 optimisque
360 1092 471 1150 artibus
482 1091 640 1162 eruditum,
651 1104 720 1172 post
729 1091 974 1170 proscriptionem
984 1094 1118 1170 equitum
1215 1091 1219 1098 ’

165 1201 288 1268 propter
308 1207 430 1266 magnas
447 1187 512 1265 ejus
529 1186 686 1246 Africanas
703 1187 906 1266 possessiones
923 1187 954 1244 in
971 1190 1118 1267 proscrip-

167 1297 264 1344 torum
277 1301 435 1341 numerum
451 1281 693 1351 aP.Volumnio,
705 1281 847 1360 praefecto
857 1281 975 1340 fabrum
986 1282 1118 1352 Antonii,

167 1379 320 1437 absentem
333 1379 469 1447 relatum,
481 1377 641 1455 expedivit.
682 1376 775 1448 Quod
786 1377 816 1434 iu
830 1377 969 1454 praesenti
980 1390 1078 1435 utrum
1089 1379 1119 1437 ei

165 1474 350 1544 laboriosius,
374 1493 411 1532 an
437 1472 596 1551 gloriosius
618 1472 719 1542 fuerit,
744 1471 864 1530 difficile
887 1471 943 1530 suit
961 1473 1116 1552 judicare:

167 1568 247 1646 quod
260 1568 291 1626 in
308 1588 412 1626 eorum
428 1567 578 1646 periculis,
595 1587 654 1627 non
671 1587 757 1626 secus
774 1568 920 1636 absentes,
936 1588 1024 1644 quam
1041 1589 1117 1648 prae·

148 1671 151 1680 ’
166 1677 267 1722 sentes
282 1663 391 1722 amicos
404 1663 506 1722 Attico
520 1682 587 1722 esse
602 1681 690 1732 curae,
705 1663 857 1740 cognitum
868 1673 925 1721 est.
970 1682 972 1686 ’

205 1849 294 1914 XIII.
315 1856 425 1934 Neque
437 1859 515 1916 “vero
536 1851 636 1914 minus
655 1855 706 1913 ille
726 1855 773 1914 vir
788 1855 891 1914 bonus
904 1840 1116 1934 pateifamilias

164 1948 282 2010 habitus
303 1964 357 2024 eet,
375 1973 464 2029 quam
486 1952 565 2011 civis.
612 1951 693 2010 Nam
716 1971 807 2029 quum
831 1953 915 2010 osset
930 1952 1115 2030 pecuniosus,

164 2067 252 2106 nemo
273 2047 325 2105 illo
348 2047 446 2105 minus
466 2045 524 2105 fuit
548 2065 646 2115 emax,
667 2045 765 2102 minus
789 2045 957 2104 aedifica'tor.
1004 2046 1115 2124 Neque

165 2155 264 2202 tamen
281 2163 341 2200 non
357 2141 389 2199 in
405 2141 510 2220 primis
524 2141 603 2198 bene
618 2138 769 2208 habitavit,
783 2140 979 2217 omnibusque
996 2141 1115 2218 optimis

163 2239 255 2297 rebus
276 2255 347 2294 usus
370 2247 424 2293 est.
464 2235 545 2293 Nam
563 2233 684 2291 domum
700 2233 805 2290 habuit
821 2232 852 2290 in
871 2235 948 2292 colle
965 2235 1116 2306 Quirinali

165 2331 403 2412 Tamphilanam,
427 2330 465 2388 ab
491 2330 637 2387 avunculo
661 2327 826 2386 hereditate
840 2327 1000 2387 relictam:
1031 2329 1115 2407 cujus

164 2427 317 2487 amoenitas
334 2428 393 2484 non
409 2425 536 2484 aedificio
553 2423 606 2482 sed
623 2424 696 2482 silra
712 2423 874 2481 constabat.
915 2422 1019 2501 Ipsum
1036 2423 1114 2482 enim

163 2535 286 2593 tectum,
304 2521 465 2599 antiquitus
486 2520 687 2590 constitutum,
706 2521 773 2599 plus
796 2519 873 2590 salis,
891 2539 980 2598 quarn
999 2531 1115 2580 sumtus

162 2619 309 2677 habebat:
337 2617 368 2675 in
385 2636 444 2695 quo
460 2615 533 2674 nihil
550 2614 750 2685 commutavit,
766 2613 823 2673 nisi
839 2614 951 2692 siquid
968 2627 1115 2674 vetustate

165 2726 284 2771 coactus
297 2725 351 2772 est.
390 2712 472 2771 Usus
488 2723 533 2770 est
543 2710 666 2781 familia,
677 2710 702 2770 si
713 2709 838 2768 utilitate
847 2709 1045 2789 judicandum
1059 2725 1113 2782 ost,

165 2807 293 2885 optima;
314 2807 460 2876 siformn,
478 2807 530 2866 vix·
550 2804 702 2865 mediocri
753 2806 892 2884 Namque
914 2805 945 2863 in
970 2827 1005 2865 ea
1028 2819 1114 2866 erant

163 2902 250 2981 pueri
263 2902 480 2978 litteratissimi,
496 2914 661 2982 anagnostae
683 2901 797 2980 optimi,
812 2915 842 2960 et
858 2903 977 2981 plurimi
990 2904 1113 2975 librarii,

163 3008 248 3055 utne
262 2997 442 3076 pedisequus
456 2997 580 3076 quidem
594 2997 747 3076 quisquam
761 3009 849 3068 esset,
865 2999 915 3076 qui
928 3019 988 3056 non
1001 3008 1113 3058 utrum·

163 3109 223 3168 que
243 3093 348 3150 horum
373 3093 496 3171 pulchre
516 3093 615 3153 faeere
638 3105 740 3173 posset
747 3117 755 3163 ;
781 3093 959 3170 parimodo
982 3094 1112 3154 artifices

164 3185 266 3256 ceteri,
283 3206 357 3264 quoe
382 3189 477 3248 cultus
499 3187 677 3247 domesticus
700 3186 856 3257 desiderat,
879 3187 1013 3265 apprime
1032 3187 1112 3245 bonit

163 3282 273 3359 Neque
289 3293 390 3362 tamen
407 3283 512 3340 horum
528 3303 717 3360 quemquam,
729 3276 788 3340 ¹nisi
802 3281 882 3340 domi
897 3294 1001 3339 natum
1016 3281 1111 3338 domi·

162 3399 221 3456 que
238 3377 358 3448 factum,
371 3378 491 3438 habuit:
513 3379 594 3456 quod
610 3390 656 3437 est
678 3377 797 3456 signum
819 3397 881 3435 non
903 3375 999 3434 solum
1021 3376 1112 3434 conti·

161 3473 279 3542 nentiae,
291 3472 345 3539 sed
356 3473 447 3532 etiam
458 3472 628 3552 diligentiae.
669 3471 750 3530 Nam
761 3483 792 3529 et
804 3490 865 3529 non
879 3471 1113 3548 intemperanter

162 3573 384 3651 concupiscere,
400 3572 481 3652 quod
502 3593 519 3631 a
538 3571 675 3652 plurimis
694 3570 806 3638 videas,
824 3568 1001 3627 continentis
1022 3568 1113 3627 debet

162 3665 249 3725 duci:
268 3681 298 3726 et
311 3669 410 3746 potius
425 3668 586 3746 diligentia,
598 3683 687 3743 quam
700 3663 806 3743 pretio,
817 3683 930 3741 parare,
944 3683 1004 3722 non
1017 3663 1110 3722 medi-

162 3762 238 3820 ocris
250 3775 295 3821 est
303 3763 464 3822 industriae.
504 3762 648 3840 Elegans,
657 3779 716 3818 nou
724 3757 897 3836 magnificus
903 3781 912 3831 ς
929 3758 1110 3839 splendidus,

161 3867 424 3930 non'sumtnosus3
446 3857 527 3917 omui
540 3855 693 3935 diligentia
713 3852 897 3924 munditiam,
910 3875 970 3915 non
991 3855 1112 3916 afflueu·
