2664 4508
371 515 443 559 srva
461 515 501 559 ns
518 515 825 562 sannorum-car.
838 514 892 562 xx.
1072 500 1115 560 27

160 642 225 702 linis
236 645 451 724 optimarum
462 648 578 728 integra
588 661 697 720 mente,
707 650 873 727 ceterisque
884 646 1029 717 sensibus,
1038 667 1114 726 opus

159 737 225 817 ipsa
238 762 325 800 suum
340 742 456 811 eadem,
466 764 532 819 quae
548 745 772 822 coagmentavit,
782 757 888 802 natura
898 741 1040 800 dissolvit.
1070 743 1114 801 Ut

157 852 276 907 navem,
298 849 333 894 ut
358 837 518 896 aedificium
541 838 622 897 idem
647 839 774 897 destruit
797 838 948 906 facillime,
971 836 1022 914 qui
1045 856 1113 895 con-

123 977 126 982 .
156 931 284 1000 struxit;
306 932 517 992 sichominem
536 934 642 992 eadem
663 934 786 1012 optime,
800 953 867 1011 quae
889 931 1111 1010 conglutinavit,

154 1038 262 1083 natura
279 1026 422 1085 dissolvit.
462 1028 484 1085 J
486 1047 533 1086 am
551 1028 647 1086 omnis
665 1028 879 1106 conglutinatio
893 1046 1000 1086 recens
1019 1047 1111 1104 segre,

153 1116 322 1179 inveterata
342 1121 430 1179 facile
456 1121 614 1180 divellitur.
655 1123 703 1181 lta
724 1123 766 1192 fit,
785 1136 817 1181 ut
837 1122 912 1180 illud
928 1123 1021 1180 breve
1041 1122 1111 1180 vitae

151 1213 306 1290 reliquum
323 1235 380 1273 nec
397 1215 483 1274 avide
501 1215 704 1294 appetendum
721 1215 850 1285 senibus,
863 1236 921 1274 nec
941 1215 1007 1274 sine
1024 1235 1112 1274 causa

152 1306 357 1366 deserendum
372 1310 427 1367 sit:
450 1314 497 1367 73.
511 1322 650 1387 vetatque
661 1310 847 1388 Pythagoras
861 1310 974 1387 injussu
987 1309 1111 1386 impera·

134 1404 237 1473 toris,
256 1404 289 1462 id
307 1418 362 1475 est,
377 1405 436 1473 dei,
451 1405 490 1464 de
511 1405 649 1484 praesidio
669 1418 699 1462 et
719 1405 844 1463 statione
864 1405 934 1463 vitm
954 1402 1111 1463 decedere.

151 1496 276 1556 Solonis
291 1499 413 1576 quidem
431 1500 573 1578 sapientis
587 1499 723 1575 elegeion
737 1511 792 1570 est,
808 1519 866 1576 qno
882 1519 915 1556 se
928 1511 1020 1576 negat
1033 1499 1112 1557 velle

150 1613 237 1651 suam
253 1609 380 1652 mortem
395 1593 499 1652 dolore
513 1593 675 1651 amicorum
691 1607 719 1652 et
729 1594 865 1652 lamentis
876 1613 990 1651 vacare.
1027 1592 1110 1664 Vult,

151 1689 253 1759 credo,
268 1710 301 1747 se
318 1710 384 1747 esse
401 1709 503 1746 cerum
519 1688 597 1747 suis:
620 1689 674 1746 sed
687 1688 767 1748 haud
785 1689 856 1759 scio,
872 1709 909 1747 au
928 1687 1034 1748 melius
1048 1689 1109 1746 En-

149 1783 236 1844 nius?

255 1881 405 1939 Nemume
417 1879 550 1936 lacrimis
564 1878 682 1949 decoret,
696 1879 907 1957 neqae‘funera
918 1879 998 1956 'fletu

256 1975 365 2034 Facit:

150 2068 228 2127 Non
250 2081 355 2128 censet
373 2067 536 2146 lugendam
556 2087 621 2126 esse
641 2080 775 2136 mortem,
792 2086 882 2144 quam
903 2066 1109 2126 immortalitas

150 2167 365 2242 consequatur.
405 2167 451 2221 74.
460 2163 481 2220 J
484 2183 531 2220 am
542 2181 645 2220 sensus
656 2161 802 2220 moriendi
813 2161 917 2237 aliquis
927 2181 992 2219 esse
1003 2173 1109 2241 potest,

149 2261 241 2337 isque
261 2257 300 2317 ad
314 2258 455 2336 exiguum
472 2270 598 2335 tempus,
613 2257 776 2335 praesertim
794 2255 875 2313 seuit
897 2269 965 2332 post
983 2269 1110 2314 mortem

148 2355 280 2434 quidem
289 2373 392 2430 sensus
402 2365 452 2410 aut
460 2352 614 2431 optandus,
624 2351 780 2410 autnullus
789 2361 842 2408 est.
883 2348 945 2406 Sed
953 2349 1010 2407 hoc
1019 2349 1111 2408 medi-

149 2457 249 2505 tatum
266 2445 303 2502 ab
318 2444 518 2503 adolescentia
534 2443 624 2503 debet
637 2464 713 2515 esse,
725 2457 849 2502 mortem
864 2455 896 2501 ut
909 2442 1111 2520 negligamus:

148 2541 218 2598 sine
235 2560 297 2618 qua
312 2540 514 2609 meditatione,
528 2540 687 2618 tranquillo
705 2559 771 2599 esse
788 2540 887 2598 animo
904 2557 992 2596 nemo
1006 2549 1111 2616 potest.

151 2634 352 2694 Moriendum
365 2635 445 2693 euim
459 2649 540 2695 certe
554 2649 609 2705 est,
621 2649 651 2693 et
661 2636 692 2694 id
703 2637 860 2705 incertum,
872 2655 908 2693 an
924 2655 960 2693 eo
974 2634 1040 2712 ipso
1054 2633 1112 2693 die.

147 2729 287 2790 Mortem
298 2730 388 2808 igitur
401 2730 537 2788 omuibus
547 2731 626 2788 boris
637 2729 859 2809 impendentem
873 2730 980 2788 timens
998 2731 1050 2806 qui
1060 2750 1112 2808 po·

147 2827 225 2886 terit
237 2825 336 2883 animo
347 2824 526 2884 consisterel
567 2826 617 2884 De
626 2845 687 2904 qua
696 2846 753 2884 non
763 2825 805 2885 ita
812 2827 902 2904 longa
911 2825 1112 2904 disputatione

146 2941 231 3000 opus
252 2939 317 2978 esee
337 2919 463 2989 videtur,
480 2939 549 2980 cum
569 2920 718 2991 recorder,
736 2941 793 2979 non
811 2921 848 2978 L.
860 2923 986 2979 Brutum
1014 2919 1111 2998 quiin

145 3014 311 3080 liberanda
327 3015 421 3092 patria
438 3027 482 3074 est
499 3015 685 3085 interfectum
711 3021 758 3074 75.
775 3015 909 3074 nondun
923 3015 1045 3085 Decios,
1059 3015 1112 3092 qui

145 3111 189 3169 ad
213 3110 413 3168 voluntariam
437 3123 563 3169 mortem
588 3131 708 3169 cursum
732 3131 875 3189 equorum
897 3109 1109 3181 incitaverunt3

144 3224 212 3261 non
231 3204 274 3262 M.
284 3205 418 3276 Atilium,
427 3205 479 3282 qui
494 3205 530 3263 nd
545 3207 727 3284 supplicium
742 3220 790 3265 est
803 3205 964 3284 profectus,
973 3219 1006 3264 ut
1020 3205 1111 3262 fidem

143 3297 234 3356 hosti
255 3297 351 3355 datam
380 3314 586 3371 conservarem
619 3322 679 3360 non
706 3302 768 3360 duo
793 3301 958 3379 Scipiones,
980 3299 1031 3377 qui
1055 3299 1112 3356 iter

77 3421 82 3431 =
144 3389 260 3452 Poenis
271 3393 320 3448 vel
331 3395 503 3472 corporibus
517 3396 577 3453 suis
593 3397 748 3454 obstruere
759 3397 931 3465 voluerunt3
949 3413 1009 3450 non
1024 3411 1110 3449 avum

142 3501 241 3547 tuum
255 3486 292 3544 L.
301 3486 439 3559 Paulum,
451 3489 502 3566 qui
514 3497 610 3548 morte
620 3491 675 3548 luit
689 3490 811 3565 collegae
825 3488 856 3543 in
868 3485 1017 3545 Cannensi
1029 3485 1112 3562 igno·

142 3580 251 3642 minin
261 3583 458 3642 temeritatem
468 3607 476 3656 ;
493 3573 552 3643 non
566 3585 608 3643 M.
617 3583 805 3649 Marcellum,
815 3565 900 3658 cujus
911 3579 1062 3638 interitum
1073 3599 1112 3638 ne

142 3675 379 3739 crudelissimus
393 3679 513 3757 quidem
523 3679 616 3737 hostis
625 3680 739 3736 honore
753 3675 914 3752 sepulturae
929 3695 1031 3733 carere
1046 3695 1112 3753 pns-

43 3821 51 3842 ,
143 3793 203 3832 sus
220 3786 284 3831 est:
306 3773 359 3833 sed
374 3775 507 3854 legiones
524 3787 642 3833 nostras
658 3769 751 3850 (quod
765 3769 870 3848 scripsi
883 3770 913 3828 in
927 3769 1111 3849 Originibus)

142 3869 181 3927 in
199 3886 273 3926 eum
286 3889 367 3950 saepe
378 3871 478 3930 locum
491 3869 640 3948 profectas
654 3865 744 3926 alacri
758 3863 856 3924 animo
870 3879 900 3926 et
913 3877 1023 3936 erecto,
1032 3867 1114 3926 unde
