<?xml version="1.0" encoding="UTF-8"?>
<!DOCTYPE html PUBLIC "-//W3C//DTD XHTML 1.0 Transitional//EN"
    "http://www.w3.org/TR/xhtml1/DTD/xhtml1-transitional.dtd">
<html xmlns="http://www.w3.org/1999/xhtml" xml:lang="en" lang="en">
 <head>
  <title>
</title>
<meta http-equiv="Content-Type" content="text/html;charset=utf-8" />
  <meta name='ocr-system' content='tesseract 3.04.00' />
  <meta name='ocr-capabilities' content='ocr_page ocr_carea ocr_par ocr_line ocrx_word'/>
</head>
<body>
  <div class='ocr_page' id='page_1' title='image "./desenectutedeam00anthgoog_0080.png"; bbox 0 0 2698 4508; ppageno 0'>
   <div class='ocr_carea' id='block_1_1' title="bbox 359 423 1145 494">
    <p class='ocr_par' dir='ltr' id='par_1_1' title="bbox 359 423 1145 494">
     <span class='ocr_line' id='line_1_1' title="bbox 359 423 1145 494; baseline 0.008 -21"><span class='ocrx_word' id='word_1_1' title='bbox 359 432 430 474; x_wconf 85' lang='lat' dir='ltr'><strong>srvs</strong></span> <span class='ocrx_word' id='word_1_2' title='bbox 450 431 491 472; x_wconf 83' lang='lat' dir='ltr'><strong>ns</strong></span> <span class='ocrx_word' id='word_1_3' title='bbox 511 431 964 478; x_wconf 70' lang='lat' dir='ltr'><strong>su101r1A.-cm.xvrr.-x1x.</strong></span> <span class='ocrx_word' id='word_1_4' title='bbox 1097 423 1145 494; x_wconf 60' lang='lat'><strong>5?-</strong></span> 
     </span>
    </p>
   </div>
   <div class='ocr_carea' id='block_1_2' title="bbox 185 562 1137 716">
    <p class='ocr_par' dir='ltr' id='par_1_2' title="bbox 185 562 1137 716">
     <span class='ocr_line' id='line_1_2' title="bbox 185 562 1137 634; baseline 0.004 -11"><span class='ocrx_word' id='word_1_5' title='bbox 185 566 316 630; x_wconf 88' lang='lat' dir='ltr'><strong>vincunt,</strong></span> <span class='ocrx_word' id='word_1_6' title='bbox 332 575 382 621; x_wconf 85' lang='lat' dir='ltr'><strong>sut</strong></span> <span class='ocrx_word' id='word_1_7' title='bbox 397 563 465 621; x_wconf 90' lang='lat' dir='ltr'><strong>siin</strong></span> <span class='ocrx_word' id='word_1_8' title='bbox 480 562 565 620; x_wconf 87' lang='lat' dir='ltr'><strong>bonis</strong></span> <span class='ocrx_word' id='word_1_9' title='bbox 581 564 671 621; x_wconf 87' lang='lat' dir='ltr'><strong>rebus</strong></span> <span class='ocrx_word' id='word_1_10' title='bbox 688 575 889 634; x_wconf 87' lang='lat' dir='ltr'><strong>contemnunt,</strong></span> <span class='ocrx_word' id='word_1_11' title='bbox 904 577 955 624; x_wconf 88' lang='lat' dir='ltr'><strong>aut</strong></span> <span class='ocrx_word' id='word_1_12' title='bbox 972 566 997 624; x_wconf 89' lang='lat' dir='ltr'><strong>si</strong></span> <span class='ocrx_word' id='word_1_13' title='bbox 1011 567 1040 625; x_wconf 88' lang='lat' dir='ltr'><strong>in</strong></span> <span class='ocrx_word' id='word_1_14' title='bbox 1052 567 1137 627; x_wconf 86' lang='lat' dir='ltr'><strong>malis</strong></span> 
     </span>
     <span class='ocr_line' id='line_1_3' title="bbox 186 660 336 716; baseline 0 0"><span class='ocrx_word' id='word_1_15' title='bbox 186 660 336 716; x_wconf 85' lang='lat' dir='ltr'><strong>deserunt</strong></span> 
     </span>
    </p>
   </div>
   <div class='ocr_carea' id='block_1_3' title="bbox 172 845 1138 2066">
    <p class='ocr_par' dir='ltr' id='par_1_3' title="bbox 172 845 1138 2066">
     <span class='ocr_line' id='line_1_4' title="bbox 225 845 1137 926; baseline 0.008 -21"><span class='ocrx_word' id='word_1_16' title='bbox 225 845 346 905; x_wconf 89' lang='lat' dir='ltr'>XVIII.</span> <span class='ocrx_word' id='word_1_17' title='bbox 367 847 431 918; x_wconf 81' lang='lat' dir='ltr'><strong>Qui</strong></span> <span class='ocrx_word' id='word_1_18' title='bbox 445 846 536 924; x_wconf 85' lang='lat' dir='ltr'><strong>igitur</strong></span> <span class='ocrx_word' id='word_1_19' title='bbox 555 859 680 924; x_wconf 87' lang='lat' dir='ltr'><strong>utraque</strong></span> <span class='ocrx_word' id='word_1_20' title='bbox 697 847 726 904; x_wconf 91' lang='lat' dir='ltr'><strong>in</strong></span> <span class='ocrx_word' id='word_1_21' title='bbox 747 869 780 906; x_wconf 85' lang='lat' dir='ltr'><strong>re</strong></span> <span class='ocrx_word' id='word_1_22' title='bbox 801 869 931 926; x_wconf 85' lang='lat' dir='ltr'><strong>gravem,</strong></span> <span class='ocrx_word' id='word_1_23' title='bbox 946 863 1137 924; x_wconf 82' lang='lat' dir='ltr'>constantem,</span> 
     </span>
     <span class='ocr_line' id='line_1_5' title="bbox 185 941 1138 1020; baseline 0.007 -20"><span class='ocrx_word' id='word_1_24' title='bbox 185 944 322 1006; x_wconf 85' lang='lat' dir='ltr'><strong>stabilem</strong></span> <span class='ocrx_word' id='word_1_25' title='bbox 339 963 372 1000; x_wconf 88' lang='lat' dir='ltr'><strong>se</strong></span> <span class='ocrx_word' id='word_1_26' title='bbox 389 943 419 999; x_wconf 90' lang='lat' dir='ltr'><strong>in</strong></span> <span class='ocrx_word' id='word_1_27' title='bbox 438 941 566 1000; x_wconf 88' lang='lat' dir='ltr'><strong>amicitia</strong></span> <span class='ocrx_word' id='word_1_28' title='bbox 582 943 760 1020; x_wconf 84' lang='lat' dir='ltr'><strong>praestiterit,</strong></span> <span class='ocrx_word' id='word_1_29' title='bbox 775 944 854 1002; x_wconf 90' lang='lat' dir='ltr'><strong>hunc</strong></span> <span class='ocrx_word' id='word_1_30' title='bbox 872 965 909 1002; x_wconf 87' lang='lat' dir='ltr'><strong>ex</strong></span> <span class='ocrx_word' id='word_1_31' title='bbox 927 948 1055 1006; x_wconf 82' lang='lat' dir='ltr'><strong>maxime</strong></span> <span class='ocrx_word' id='word_1_32' title='bbox 1071 969 1138 1006; x_wconf 86' lang='lat' dir='ltr'><strong>raro</strong></span> 
     </span>
     <span class='ocr_line' id='line_1_6' title="bbox 186 1036 1137 1118; baseline 0.007 -22"><span class='ocrx_word' id='word_1_33' title='bbox 186 1039 339 1096; x_wconf 89' lang='lat' dir='ltr'><strong>hominum</strong></span> <span class='ocrx_word' id='word_1_34' title='bbox 356 1057 467 1115; x_wconf 84' lang='lat' dir='ltr'><strong>genere</strong></span> <span class='ocrx_word' id='word_1_35' title='bbox 477 1036 613 1114; x_wconf 88' lang='lat' dir='ltr'><strong>judicare</strong></span> <span class='ocrx_word' id='word_1_36' title='bbox 628 1037 781 1107; x_wconf 87' lang='lat' dir='ltr'><strong>debemus,</strong></span> <span class='ocrx_word' id='word_1_37' title='bbox 796 1052 825 1096; x_wconf 87' lang='lat' dir='ltr'><strong>et</strong></span> <span class='ocrx_word' id='word_1_38' title='bbox 840 1059 924 1118; x_wconf 85' lang='lat' dir='ltr'><strong>paene</strong></span> <span class='ocrx_word' id='word_1_39' title='bbox 940 1040 1048 1101; x_wconf 88' lang='lat' dir='ltr'><strong>divino.</strong></span> <span class='ocrx_word' id='word_1_40' title='bbox 1089 1049 1137 1103; x_wconf 85' lang='grc'><strong>65.</strong></span> 
     </span>
     <span class='ocr_line' id='line_1_7' title="bbox 186 1132 1137 1213; baseline 0.005 -22"><span class='ocrx_word' id='word_1_41' title='bbox 186 1133 422 1192; x_wconf 83' lang='lat' dir='ltr'><strong>Firmamentum</strong></span> <span class='ocrx_word' id='word_1_42' title='bbox 434 1145 535 1190; x_wconf 87' lang='lat' dir='ltr'><strong>autem</strong></span> <span class='ocrx_word' id='word_1_43' title='bbox 548 1132 715 1190; x_wconf 79' lang='lat' dir='ltr'><strong>stabilitatis</strong></span> <span class='ocrx_word' id='word_1_44' title='bbox 726 1135 953 1212; x_wconf 70' lang='lat' dir='ltr'><strong>constantiaeque</strong></span> <span class='ocrx_word' id='word_1_45' title='bbox 965 1137 1038 1213; x_wconf 88' lang='lat' dir='ltr'><strong>ejus,</strong></span> <span class='ocrx_word' id='word_1_46' title='bbox 1048 1159 1137 1213; x_wconf 89' lang='lat' dir='ltr'><strong>quam</strong></span> 
     </span>
     <span class='ocr_line' id='line_1_8' title="bbox 185 1226 1136 1304; baseline 0.003 -19"><span class='ocrx_word' id='word_1_47' title='bbox 185 1228 216 1285; x_wconf 90' lang='lat' dir='ltr'><strong>in</strong></span> <span class='ocrx_word' id='word_1_48' title='bbox 234 1227 364 1288; x_wconf 87' lang='lat' dir='ltr'><strong>amicitia</strong></span> <span class='ocrx_word' id='word_1_49' title='bbox 380 1227 548 1304; x_wconf 81' lang='lat' dir='ltr'><strong>quaerimus,</strong></span> <span class='ocrx_word' id='word_1_50' title='bbox 562 1226 639 1284; x_wconf 88' lang='lat' dir='ltr'><strong>fides</strong></span> <span class='ocrx_word' id='word_1_51' title='bbox 659 1239 712 1284; x_wconf 83' lang='lat' dir='ltr'><strong>est.</strong></span> <span class='ocrx_word' id='word_1_52' title='bbox 757 1227 841 1284; x_wconf 91' lang='lat' dir='ltr'><strong>Nihil</strong></span> <span class='ocrx_word' id='word_1_53' title='bbox 859 1229 937 1286; x_wconf 88' lang='lat' dir='ltr'><strong>enim</strong></span> <span class='ocrx_word' id='word_1_54' title='bbox 959 1231 1064 1288; x_wconf 77' lang='lat' dir='ltr'><strong>stabile</strong></span> <span class='ocrx_word' id='word_1_55' title='bbox 1081 1245 1136 1300; x_wconf 87' lang='lat' dir='ltr'><strong>est,</strong></span> 
     </span>
     <span class='ocr_line' id='line_1_9' title="bbox 186 1321 1138 1403; baseline 0.003 -23"><span class='ocrx_word' id='word_1_56' title='bbox 186 1323 265 1403; x_wconf 89' lang='lat' dir='ltr'><strong>quod</strong></span> <span class='ocrx_word' id='word_1_57' title='bbox 287 1323 419 1380; x_wconf 87' lang='lat' dir='ltr'><strong>infidum.</strong></span> <span class='ocrx_word' id='word_1_58' title='bbox 460 1321 636 1400; x_wconf 84' lang='lat' dir='ltr'><strong>Simplicem</strong></span> <span class='ocrx_word' id='word_1_59' title='bbox 660 1333 817 1398; x_wconf 80' lang='lat' dir='ltr'><strong>praeterea,</strong></span> <span class='ocrx_word' id='word_1_60' title='bbox 836 1336 866 1380; x_wconf 89' lang='lat' dir='ltr'><strong>et</strong></span> <span class='ocrx_word' id='word_1_61' title='bbox 889 1343 1086 1394; x_wconf 89' lang='lat' dir='ltr'><strong>communem,</strong></span> <span class='ocrx_word' id='word_1_62' title='bbox 1108 1339 1138 1384; x_wconf 88' lang='lat' dir='ltr'><strong>et</strong></span> 
     </span>
     <span class='ocr_line' id='line_1_10' title="bbox 186 1416 1136 1498; baseline 0.004 -24"><span class='ocrx_word' id='word_1_63' title='bbox 186 1417 430 1486; x_wconf 82' lang='lat' dir='ltr'><strong>consentientem,</strong></span> <span class='ocrx_word' id='word_1_64' title='bbox 445 1417 496 1494; x_wconf 90' lang='lat' dir='ltr'><strong>qui</strong></span> <span class='ocrx_word' id='word_1_65' title='bbox 512 1417 601 1474; x_wconf 86' lang='lat' dir='ltr'><strong>rebus</strong></span> <span class='ocrx_word' id='word_1_66' title='bbox 623 1416 735 1473; x_wconf 88' lang='lat' dir='ltr'><strong>eisdem</strong></span> <span class='ocrx_word' id='word_1_67' title='bbox 757 1430 900 1498; x_wconf 88' lang='lat' dir='ltr'><strong>movetur,</strong></span> <span class='ocrx_word' id='word_1_68' title='bbox 915 1418 987 1496; x_wconf 88' lang='lat' dir='ltr'><strong>eligi</strong></span> <span class='ocrx_word' id='word_1_69' title='bbox 1002 1440 1057 1496; x_wconf 89' lang='lat' dir='ltr'><strong>par</strong></span> <span class='ocrx_word' id='word_1_70' title='bbox 1074 1434 1136 1478; x_wconf 83' lang='lat' dir='ltr'><strong>est:</strong></span> 
     </span>
     <span class='ocr_line' id='line_1_11' title="bbox 187 1510 1136 1590; baseline 0.003 -20"><span class='ocrx_word' id='word_1_71' title='bbox 187 1534 254 1590; x_wconf 84' lang='lat' dir='ltr'><strong>quae</strong></span> <span class='ocrx_word' id='word_1_72' title='bbox 271 1513 369 1583; x_wconf 81' lang='lat' dir='ltr'><strong>omnia</strong></span> <span class='ocrx_word' id='word_1_73' title='bbox 381 1513 530 1590; x_wconf 78' lang='lat' dir='ltr'><strong>pertinent</strong></span> <span class='ocrx_word' id='word_1_74' title='bbox 546 1510 584 1570; x_wconf 85' lang='lat' dir='ltr'><strong>ad</strong></span> <span class='ocrx_word' id='word_1_75' title='bbox 598 1511 780 1570; x_wconf 87' lang='lat' dir='ltr'><strong>fidelitatem.</strong></span> <span class='ocrx_word' id='word_1_76' title='bbox 821 1512 933 1590; x_wconf 86' lang='lat' dir='ltr'><strong>Neque</strong></span> <span class='ocrx_word' id='word_1_77' title='bbox 950 1514 1029 1570; x_wconf 89' lang='lat' dir='ltr'><strong>enim</strong></span> <span class='ocrx_word' id='word_1_78' title='bbox 1044 1514 1136 1572; x_wconf 87' lang='lat' dir='ltr'><strong>fidum</strong></span> 
     </span>
     <span class='ocr_line' id='line_1_12' title="bbox 186 1591 1136 1686; baseline 0.003 -22"><span class='ocrx_word' id='word_1_79' title='bbox 186 1621 358 1686; x_wconf 87' lang='lat' dir='ltr'><strong>potestesse</strong></span> <span class='ocrx_word' id='word_1_80' title='bbox 370 1591 531 1686; x_wconf 82' lang='lat' dir='ltr'><strong>multiplex&#39;</strong></span> <span class='ocrx_word' id='word_1_81' title='bbox 539 1607 701 1684; x_wconf 82' lang='lat' dir='ltr'><strong>ingenium,</strong></span> <span class='ocrx_word' id='word_1_82' title='bbox 711 1619 740 1664; x_wconf 88' lang='lat' dir='ltr'><strong>et</strong></span> <span class='ocrx_word' id='word_1_83' title='bbox 750 1617 931 1677; x_wconf 78' lang='lat' dir='ltr'><strong>tortuosum3</strong></span> <span class='ocrx_word' id='word_1_84' title='bbox 949 1629 1046 1685; x_wconf 87' lang='lat' dir='ltr'><strong>neque</strong></span> <span class='ocrx_word' id='word_1_85' title='bbox 1056 1630 1136 1680; x_wconf 85' lang='lat' dir='ltr'><strong>vero,</strong></span> 
     </span>
     <span class='ocr_line' id='line_1_13' title="bbox 172 1703 1137 1780; baseline 0.004 -19"><span class='ocrx_word' id='word_1_86' title='bbox 172 1703 237 1780; x_wconf 79' lang='lat' dir='ltr'><strong>&#39;qui</strong></span> <span class='ocrx_word' id='word_1_87' title='bbox 253 1723 312 1762; x_wconf 87' lang='lat' dir='ltr'><strong>non</strong></span> <span class='ocrx_word' id='word_1_88' title='bbox 328 1703 436 1761; x_wconf 86' lang='lat' dir='ltr'><strong>iisdem</strong></span> <span class='ocrx_word' id='word_1_89' title='bbox 455 1703 546 1761; x_wconf 90' lang='lat' dir='ltr'><strong>rebus</strong></span> <span class='ocrx_word' id='word_1_90' title='bbox 567 1715 713 1772; x_wconf 87' lang='lat' dir='ltr'><strong>movetur,</strong></span> <span class='ocrx_word' id='word_1_91' title='bbox 731 1715 893 1780; x_wconf 90' lang='lat' dir='ltr'><strong>naturaque</strong></span> <span class='ocrx_word' id='word_1_92' title='bbox 914 1705 1069 1775; x_wconf 74' lang='lat' dir='ltr'><strong>consentit,</strong></span> <span class='ocrx_word' id='word_1_93' title='bbox 1087 1719 1137 1765; x_wconf 88' lang='lat' dir='ltr'><strong>aut</strong></span> 
     </span>
     <span class='ocr_line' id='line_1_14' title="bbox 185 1797 1137 1876; baseline 0.004 -20"><span class='ocrx_word' id='word_1_94' title='bbox 185 1799 273 1868; x_wconf 89' lang='lat' dir='ltr'><strong>fidus,</strong></span> <span class='ocrx_word' id='word_1_95' title='bbox 287 1813 336 1856; x_wconf 89' lang='lat' dir='ltr'><strong>aut</strong></span> <span class='ocrx_word' id='word_1_96' title='bbox 352 1799 466 1857; x_wconf 89' lang='lat' dir='ltr'><strong>stabilis</strong></span> <span class='ocrx_word' id='word_1_97' title='bbox 480 1811 578 1876; x_wconf 89' lang='lat' dir='ltr'><strong>potest</strong></span> <span class='ocrx_word' id='word_1_98' title='bbox 592 1818 668 1856; x_wconf 85' lang='lat' dir='ltr'><strong>esse.</strong></span> <span class='ocrx_word' id='word_1_99' title='bbox 709 1797 890 1856; x_wconf 87' lang='lat' dir='ltr'><strong>Addendum</strong></span> <span class='ocrx_word' id='word_1_100' title='bbox 908 1799 1016 1876; x_wconf 81' lang='lat' dir='ltr'><strong>eodem</strong></span> <span class='ocrx_word' id='word_1_101' title='bbox 1034 1813 1088 1869; x_wconf 82' lang='lat' dir='ltr'><strong>est,</strong></span> <span class='ocrx_word' id='word_1_102' title='bbox 1103 1815 1137 1860; x_wconf 86' lang='lat' dir='ltr'><strong>ut</strong></span> 
     </span>
     <span class='ocr_line' id='line_1_15' title="bbox 185 1891 1136 1962; baseline 0.002 -11"><span class='ocrx_word' id='word_1_103' title='bbox 185 1915 225 1952; x_wconf 88' lang='lat' dir='ltr'><strong>ne</strong></span> <span class='ocrx_word' id='word_1_104' title='bbox 243 1894 414 1952; x_wconf 80' lang='lat' dir='ltr'><strong>criminibus</strong></span> <span class='ocrx_word' id='word_1_105' title='bbox 439 1907 489 1952; x_wconf 92' lang='lat' dir='ltr'><strong>aut</strong></span> <span class='ocrx_word' id='word_1_106' title='bbox 505 1891 669 1951; x_wconf 84' lang='lat' dir='ltr'><strong>inferendis</strong></span> <span class='ocrx_word' id='word_1_107' title='bbox 683 1892 857 1962; x_wconf 84' lang='lat' dir='ltr'><strong>delectetur,</strong></span> <span class='ocrx_word' id='word_1_108' title='bbox 873 1906 923 1952; x_wconf 87' lang='lat' dir='ltr'><strong>aut</strong></span> <span class='ocrx_word' id='word_1_109' title='bbox 937 1893 1039 1952; x_wconf 89' lang='lat' dir='ltr'><strong>credat</strong></span> <span class='ocrx_word' id='word_1_110' title='bbox 1057 1897 1136 1954; x_wconf 91' lang='lat' dir='ltr'><strong>obla-</strong></span> 
     </span>
     <span class='ocr_line' id='line_1_16' title="bbox 185 1988 1134 2066; baseline 0.003 -20"><span class='ocrx_word' id='word_1_111' title='bbox 185 1989 240 2046; x_wconf 87' lang='lat' dir='ltr'><strong>tis:</strong></span> <span class='ocrx_word' id='word_1_112' title='bbox 259 2010 323 2065; x_wconf 86' lang='lat' dir='ltr'><strong>quae</strong></span> <span class='ocrx_word' id='word_1_113' title='bbox 334 1989 432 2048; x_wconf 87' lang='lat' dir='ltr'><strong>omnia</strong></span> <span class='ocrx_word' id='word_1_114' title='bbox 442 1989 592 2066; x_wconf 85' lang='lat' dir='ltr'><strong>pertinent</strong></span> <span class='ocrx_word' id='word_1_115' title='bbox 603 1988 640 2045; x_wconf 87' lang='lat' dir='ltr'><strong>ad</strong></span> <span class='ocrx_word' id='word_1_116' title='bbox 651 2008 726 2056; x_wconf 87' lang='lat' dir='ltr'><strong>eam,</strong></span> <span class='ocrx_word' id='word_1_117' title='bbox 738 2009 827 2064; x_wconf 85' lang='lat' dir='ltr'><strong>quam</strong></span> <span class='ocrx_word' id='word_1_118' title='bbox 837 1989 1016 2066; x_wconf 89' lang='lat' dir='ltr'><strong>jamdudum</strong></span> <span class='ocrx_word' id='word_1_119' title='bbox 1031 2003 1134 2061; x_wconf 86' lang='lat' dir='ltr'><strong>tracto,</strong></span> 
     </span>
    </p>
   </div>
   <div class='ocr_carea' id='block_1_4' title="bbox 82 2082 1135 2159">
    <p class='ocr_par' dir='ltr' id='par_1_4' title="bbox 82 2082 1135 2159">
     <span class='ocr_line' id='line_1_17' title="bbox 82 2082 1135 2159; baseline 0.001 -17"><span class='ocrx_word' id='word_1_120' title='bbox 82 2093 84 2098; x_wconf 83' lang='grc'><em>’</em></span> <span class='ocrx_word' id='word_1_121' title='bbox 105 2146 110 2152; x_wconf 63' lang='grc'><em>,</em></span> <span class='ocrx_word' id='word_1_122' title='bbox 185 2085 389 2142; x_wconf 81' lang='lat' dir='ltr'><strong>constentiam.</strong></span> <span class='ocrx_word' id='word_1_123' title='bbox 431 2084 478 2142; x_wconf 87' lang='lat' dir='ltr'><strong>Ita</strong></span> <span class='ocrx_word' id='word_1_124' title='bbox 494 2083 526 2140; x_wconf 86' lang='lat' dir='ltr'><strong>fit</strong></span> <span class='ocrx_word' id='word_1_125' title='bbox 539 2102 643 2140; x_wconf 88' lang='lat' dir='ltr'><strong>verum</strong></span> <span class='ocrx_word' id='word_1_126' title='bbox 660 2082 741 2152; x_wconf 91' lang='lat' dir='ltr'><strong>illud,</strong></span> <span class='ocrx_word' id='word_1_127' title='bbox 756 2083 835 2159; x_wconf 89' lang='lat' dir='ltr'><strong>quod</strong></span> <span class='ocrx_word' id='word_1_128' title='bbox 851 2083 934 2142; x_wconf 90' lang='lat' dir='ltr'><strong>initio</strong></span> <span class='ocrx_word' id='word_1_129' title='bbox 952 2084 1022 2154; x_wconf 82' lang='lat' dir='ltr'><strong>dixi,</strong></span> <span class='ocrx_word' id='word_1_130' title='bbox 1038 2087 1135 2144; x_wconf 86' lang='lat' dir='ltr'><strong>amici-</strong></span> 
     </span>
    </p>
   </div>
   <div class='ocr_carea' id='block_1_5' title="bbox 183 2179 1137 3400">
    <p class='ocr_par' dir='ltr' id='par_1_5' title="bbox 183 2179 1137 3400">
     <span class='ocr_line' id='line_1_18' title="bbox 184 2179 1136 2258; baseline -0.002 -18"><span class='ocrx_word' id='word_1_131' title='bbox 184 2179 267 2249; x_wconf 86' lang='lat' dir='ltr'><strong>tiam,</strong></span> <span class='ocrx_word' id='word_1_132' title='bbox 285 2179 342 2236; x_wconf 89' lang='lat' dir='ltr'><strong>nisi</strong></span> <span class='ocrx_word' id='word_1_133' title='bbox 358 2179 437 2236; x_wconf 90' lang='lat' dir='ltr'><strong>inter</strong></span> <span class='ocrx_word' id='word_1_134' title='bbox 452 2179 557 2247; x_wconf 89' lang='lat' dir='ltr'><strong>bonos,</strong></span> <span class='ocrx_word' id='word_1_135' title='bbox 575 2195 640 2236; x_wconf 87' lang='lat' dir='ltr'><strong>esse</strong></span> <span class='ocrx_word' id='word_1_136' title='bbox 663 2197 722 2234; x_wconf 88' lang='lat' dir='ltr'><strong>non</strong></span> <span class='ocrx_word' id='word_1_137' title='bbox 746 2197 846 2255; x_wconf 88' lang='lat' dir='ltr'><strong>posse.</strong></span> <span class='ocrx_word' id='word_1_138' title='bbox 890 2179 947 2236; x_wconf 85' lang='lat' dir='ltr'><strong>Est</strong></span> <span class='ocrx_word' id='word_1_139' title='bbox 971 2179 1048 2236; x_wconf 89' lang='lat' dir='ltr'><strong>enim</strong></span> <span class='ocrx_word' id='word_1_140' title='bbox 1062 2180 1136 2258; x_wconf 19' lang='lat' dir='ltr'><strong>&#39;boni</strong></span> 
     </span>
     <span class='ocr_line' id='line_1_19' title="bbox 184 2265 1135 2350; baseline 0.001 -19"><span class='ocrx_word' id='word_1_141' title='bbox 184 2274 250 2343; x_wconf 89' lang='lat' dir='ltr'><strong>viri,</strong></span> <span class='ocrx_word' id='word_1_142' title='bbox 261 2276 350 2350; x_wconf 82' lang='lat' dir='ltr'><strong>quem&#39;</strong></span> <span class='ocrx_word' id='word_1_143' title='bbox 364 2265 490 2346; x_wconf 80' lang='lat' dir='ltr'><strong>eundem</strong></span> <span class='ocrx_word' id='word_1_144' title='bbox 504 2272 670 2350; x_wconf 77' lang='lat' dir='ltr'><strong>eapientem</strong></span> <span class='ocrx_word' id='word_1_145' title='bbox 684 2272 755 2332; x_wconf 88' lang='lat' dir='ltr'><strong>licet</strong></span> <span class='ocrx_word' id='word_1_146' title='bbox 765 2271 871 2341; x_wconf 86' lang='lat' dir='ltr'><strong>dicere,</strong></span> <span class='ocrx_word' id='word_1_147' title='bbox 883 2271 946 2329; x_wconf 82' lang='lat' dir='ltr'><strong>haec</strong></span> <span class='ocrx_word' id='word_1_148' title='bbox 957 2272 1018 2330; x_wconf 91' lang='lat' dir='ltr'><strong>duo</strong></span> <span class='ocrx_word' id='word_1_149' title='bbox 1033 2286 1135 2332; x_wconf 87' lang='lat' dir='ltr'><strong>tenere</strong></span> 
     </span>
     <span class='ocr_line' id='line_1_20' title="bbox 185 2353 1134 2448; baseline 0.001 -21"><span class='ocrx_word' id='word_1_150' title='bbox 185 2369 216 2428; x_wconf 92' lang='lat' dir='ltr'><strong>in</strong></span> <span class='ocrx_word' id='word_1_151' title='bbox 231 2368 377 2428; x_wconf 87' lang='lat' dir='ltr'><strong>amicitia:</strong></span> <span class='ocrx_word' id='word_1_152' title='bbox 399 2353 785 2446; x_wconf 43' lang='lat' dir='ltr'><strong>primum&#39;ue&#39;qriidfictum</strong></span> <span class='ocrx_word' id='word_1_153' title='bbox 797 2367 845 2436; x_wconf 79' lang='lat' dir='ltr'><strong>sit,</strong></span> <span class='ocrx_word' id='word_1_154' title='bbox 856 2387 931 2448; x_wconf 85' lang='lat' dir='ltr'><strong>neve</strong></span> <span class='ocrx_word' id='word_1_155' title='bbox 945 2367 1134 2429; x_wconf 76' lang='lat' dir='ltr'><strong>simulatumz</strong></span> 
     </span>
     <span class='ocr_line' id='line_1_21' title="bbox 186 2463 1136 2542; baseline -0.001 -20"><span class='ocrx_word' id='word_1_156' title='bbox 186 2478 289 2542; x_wconf 86' lang='lat' dir='ltr'><strong>aperte</strong></span> <span class='ocrx_word' id='word_1_157' title='bbox 310 2464 391 2522; x_wconf 89' lang='lat' dir='ltr'><strong>euim</strong></span> <span class='ocrx_word' id='word_1_158' title='bbox 411 2465 459 2521; x_wconf 88' lang='lat' dir='ltr'><strong>vel</strong></span> <span class='ocrx_word' id='word_1_159' title='bbox 479 2463 587 2532; x_wconf 88' lang='lat' dir='ltr'><strong>odisse,</strong></span> <span class='ocrx_word' id='word_1_160' title='bbox 604 2464 698 2540; x_wconf 86' lang='lat' dir='ltr'><strong>magis</strong></span> <span class='ocrx_word' id='word_1_161' title='bbox 719 2463 850 2540; x_wconf 86' lang='lat' dir='ltr'><strong>ingenui·</strong></span> <span class='ocrx_word' id='word_1_162' title='bbox 863 2475 916 2531; x_wconf 86' lang='lat' dir='ltr'><strong>est,</strong></span> <span class='ocrx_word' id='word_1_163' title='bbox 932 2482 1021 2539; x_wconf 89' lang='lat' dir='ltr'><strong>quam</strong></span> <span class='ocrx_word' id='word_1_164' title='bbox 1032 2463 1136 2522; x_wconf 83' lang='lat' dir='ltr'><strong>&#39;fronte</strong></span> 
     </span>
     <span class='ocr_line' id='line_1_22' title="bbox 186 2557 1135 2633; baseline -0.001 -16"><span class='ocrx_word' id='word_1_165' title='bbox 186 2561 336 2618; x_wconf 87' lang='lat' dir='ltr'><strong>occultare</strong></span> <span class='ocrx_word' id='word_1_166' title='bbox 350 2559 544 2618; x_wconf 87' lang='lat' dir='ltr'><strong>sententiam:</strong></span> <span class='ocrx_word' id='word_1_167' title='bbox 567 2558 684 2627; x_wconf 87' lang='lat' dir='ltr'><strong>deinde,</strong></span> <span class='ocrx_word' id='word_1_168' title='bbox 695 2578 754 2616; x_wconf 90' lang='lat' dir='ltr'><strong>non</strong></span> <span class='ocrx_word' id='word_1_169' title='bbox 767 2559 863 2616; x_wconf 89' lang='lat' dir='ltr'><strong>solum</strong></span> <span class='ocrx_word' id='word_1_170' title='bbox 876 2558 912 2616; x_wconf 88' lang='lat' dir='ltr'><strong>ab</strong></span> <span class='ocrx_word' id='word_1_171' title='bbox 924 2557 1021 2633; x_wconf 86' lang='lat' dir='ltr'><strong>aliquo</strong></span> <span class='ocrx_word' id='word_1_172' title='bbox 1033 2559 1135 2616; x_wconf 84' lang='lat' dir='ltr'><strong>allatas</strong></span> 
     </span>
     <span class='ocr_line' id='line_1_23' title="bbox 187 2652 1135 2732; baseline -0.003 -19"><span class='ocrx_word' id='word_1_173' title='bbox 187 2655 406 2714; x_wconf 83' lang='lat' dir='ltr'><strong>criminationes</strong></span> <span class='ocrx_word' id='word_1_174' title='bbox 422 2655 580 2732; x_wconf 76' lang='lat' dir='ltr'><strong>repellere,</strong></span> <span class='ocrx_word' id='word_1_175' title='bbox 594 2653 647 2712; x_wconf 85' lang='lat' dir='ltr'><strong>sed</strong></span> <span class='ocrx_word' id='word_1_176' title='bbox 660 2652 811 2730; x_wconf 89' lang='lat' dir='ltr'><strong>neipsum</strong></span> <span class='ocrx_word' id='word_1_177' title='bbox 826 2653 946 2730; x_wconf 87' lang='lat' dir='ltr'><strong>quidam</strong></span> <span class='ocrx_word' id='word_1_178' title='bbox 961 2673 1026 2712; x_wconf 87' lang='lat' dir='ltr'><strong>esse</strong></span> <span class='ocrx_word' id='word_1_179' title='bbox 1043 2653 1135 2732; x_wconf 86' lang='lat' dir='ltr'><strong>suspi-</strong></span> 
     </span>
     <span class='ocr_line' id='line_1_24' title="bbox 187 2747 1136 2828; baseline -0.002 -19"><span class='ocrx_word' id='word_1_180' title='bbox 187 2751 309 2820; x_wconf 88' lang='lat' dir='ltr'><strong>ciosum,</strong></span> <span class='ocrx_word' id='word_1_181' title='bbox 324 2769 443 2828; x_wconf 85' lang='lat' dir='ltr'><strong>semper</strong></span> <span class='ocrx_word' id='word_1_182' title='bbox 457 2748 568 2826; x_wconf 76' lang='lat' dir='ltr'><strong>aliquid</strong></span> <span class='ocrx_word' id='word_1_183' title='bbox 582 2749 790 2806; x_wconf 85' lang='lat' dir='ltr'><strong>exstimantem</strong></span> <span class='ocrx_word' id='word_1_184' title='bbox 804 2749 842 2808; x_wconf 86' lang='lat' dir='ltr'><strong>ab</strong></span> <span class='ocrx_word' id='word_1_185' title='bbox 857 2747 953 2806; x_wconf 85' lang='lat' dir='ltr'><strong>amico</strong></span> <span class='ocrx_word' id='word_1_186' title='bbox 967 2768 1034 2806; x_wconf 88' lang='lat' dir='ltr'><strong>esse</strong></span> <span class='ocrx_word' id='word_1_187' title='bbox 1047 2748 1136 2807; x_wconf 88' lang='lat' dir='ltr'><strong>viola-</strong></span> 
     </span>
     <span class='ocr_line' id='line_1_25' title="bbox 185 2843 1135 2928; baseline -0.004 -24"><span class='ocrx_word' id='word_1_188' title='bbox 185 2859 258 2904; x_wconf 87' lang='lat' dir='ltr'><strong>tum.</strong></span> <span class='ocrx_word' id='word_1_189' title='bbox 291 2850 338 2904; x_wconf 82' lang='lat'><strong>66.</strong></span> <span class='ocrx_word' id='word_1_190' title='bbox 349 2844 484 2918; x_wconf 74' lang='lat' dir='ltr'><strong>Accedat</strong></span> <span class='ocrx_word' id='word_1_191' title='bbox 492 2845 551 2902; x_wconf 82' lang='lat' dir='ltr'><strong>huo&#39;</strong></span> <span class='ocrx_word' id='word_1_192' title='bbox 560 2844 686 2928; x_wconf 70' lang='lat' dir='ltr'><strong>suauitas</strong></span> <span class='ocrx_word' id='word_1_193' title='bbox 695 2843 831 2920; x_wconf 67' lang='lat' dir='ltr'><strong>quaedam</strong></span> <span class='ocrx_word' id='word_1_194' title='bbox 841 2856 958 2920; x_wconf 86' lang='lat' dir='ltr'><strong>oportet</strong></span> <span class='ocrx_word' id='word_1_195' title='bbox 967 2863 1135 2902; x_wconf 88' lang='lat' dir='ltr'><strong>sermonum</strong></span> 
     </span>
     <span class='ocr_line' id='line_1_26' title="bbox 186 2938 1135 3018; baseline -0.005 -19"><span class='ocrx_word' id='word_1_196' title='bbox 186 2955 274 3018; x_wconf 85' lang='lat' dir='ltr'><strong>atque</strong></span> <span class='ocrx_word' id='word_1_197' title='bbox 288 2961 412 3008; x_wconf 89' lang='lat' dir='ltr'><strong>morum,</strong></span> <span class='ocrx_word' id='word_1_198' title='bbox 424 2938 658 3016; x_wconf 27' lang='lat' dir='ltr'><strong>haudquaquam,</strong></span> <span class='ocrx_word' id='word_1_199' title='bbox 666 2938 816 2996; x_wconf 84' lang='lat' dir='ltr'><strong>mediocre</strong></span> <span class='ocrx_word' id='word_1_200' title='bbox 831 2938 1051 2996; x_wconf 86' lang='lat' dir='ltr'><strong>condimentum</strong></span> <span class='ocrx_word' id='word_1_201' title='bbox 1066 2938 1135 2996; x_wconf 86' lang='lat' dir='ltr'><strong>ami·</strong></span> 
     </span>
     <span class='ocr_line' id='line_1_27' title="bbox 186 3031 1136 3102; baseline -0.002 -9"><span class='ocrx_word' id='word_1_202' title='bbox 186 3036 288 3093; x_wconf 85' lang='lat' dir='ltr'><strong>citiae.&#39;</strong></span> <span class='ocrx_word' id='word_1_203' title='bbox 314 3035 447 3092; x_wconf 86' lang='lat' dir='ltr'><strong>Tristitia</strong></span> <span class='ocrx_word' id='word_1_204' title='bbox 463 3047 571 3102; x_wconf 86' lang='lat' dir='ltr'><strong>autem,</strong></span> <span class='ocrx_word' id='word_1_205' title='bbox 586 3047 616 3091; x_wconf 89' lang='lat' dir='ltr'><strong>et</strong></span> <span class='ocrx_word' id='word_1_206' title='bbox 630 3033 661 3090; x_wconf 89' lang='lat' dir='ltr'><strong>in</strong></span> <span class='ocrx_word' id='word_1_207' title='bbox 674 3033 755 3090; x_wconf 90' lang='lat' dir='ltr'><strong>omni</strong></span> <span class='ocrx_word' id='word_1_208' title='bbox 767 3053 799 3090; x_wconf 90' lang='lat' dir='ltr'><strong>re</strong></span> <span class='ocrx_word' id='word_1_209' title='bbox 816 3033 966 3101; x_wconf 84' lang='lat' dir='ltr'><strong>severitas,</strong></span> <span class='ocrx_word' id='word_1_210' title='bbox 981 3032 1071 3090; x_wconf 88' lang='lat' dir='ltr'><strong>habet</strong></span> <span class='ocrx_word' id='word_1_211' title='bbox 1085 3031 1136 3091; x_wconf 79' lang='lat' dir='ltr'><strong>illa</strong></span> 
     </span>
     <span class='ocr_line' id='line_1_28' title="bbox 186 3125 1137 3209; baseline -0.006 -21"><span class='ocrx_word' id='word_1_212' title='bbox 186 3131 309 3209; x_wconf 86' lang='lat' dir='ltr'><strong>quidem</strong></span> <span class='ocrx_word' id='word_1_213' title='bbox 325 3131 516 3208; x_wconf 68' lang='lat' dir='ltr'><strong>gravitatem</strong></span> <span class='ocrx_word' id='word_1_214' title='bbox 538 3128 591 3186; x_wconf 87' lang='lat' dir='ltr'><strong>sed</strong></span> <span class='ocrx_word' id='word_1_215' title='bbox 606 3128 735 3186; x_wconf 88' lang='lat' dir='ltr'><strong>amicitia</strong></span> <span class='ocrx_word' id='word_1_216' title='bbox 748 3127 898 3186; x_wconf 79' lang='lat' dir='ltr'><strong>remissior</strong></span> <span class='ocrx_word' id='word_1_217' title='bbox 912 3147 978 3186; x_wconf 87' lang='lat' dir='ltr'><strong>esse</strong></span> <span class='ocrx_word' id='word_1_218' title='bbox 992 3125 1091 3195; x_wconf 87' lang='lat' dir='ltr'><strong>debet,</strong></span> <span class='ocrx_word' id='word_1_219' title='bbox 1105 3137 1137 3184; x_wconf 87' lang='lat' dir='ltr'><strong>et</strong></span> 
     </span>
     <span class='ocr_line' id='line_1_29' title="bbox 184 3221 1136 3297; baseline -0.005 -14"><span class='ocrx_word' id='word_1_220' title='bbox 184 3226 356 3294; x_wconf 80' lang='lat' dir='ltr'><strong>liberior,&#39;et</strong></span> <span class='ocrx_word' id='word_1_221' title='bbox 366 3225 492 3294; x_wconf 87' lang='lat' dir='ltr'><strong>dulcior,</strong></span> <span class='ocrx_word' id='word_1_222' title='bbox 504 3236 534 3283; x_wconf 87' lang='lat' dir='ltr'><strong>et</strong></span> <span class='ocrx_word' id='word_1_223' title='bbox 547 3223 584 3283; x_wconf 85' lang='lat' dir='ltr'><strong>ad</strong></span> <span class='ocrx_word' id='word_1_224' title='bbox 595 3243 715 3281; x_wconf 90' lang='lat' dir='ltr'><strong>omnem</strong></span> <span class='ocrx_word' id='word_1_225' title='bbox 729 3222 897 3280; x_wconf 86' lang='lat' dir='ltr'><strong>comitatem</strong></span> <span class='ocrx_word' id='word_1_226' title='bbox 909 3221 1136 3297; x_wconf 76' lang='lat' dir='ltr'><strong>facilitatemque</strong></span> 
     </span>
     <span class='ocr_line' id='line_1_30' title="bbox 183 3320 351 3400; baseline 0.006 -24"><span class='ocrx_word' id='word_1_227' title='bbox 183 3320 351 3400; x_wconf 80' lang='lat' dir='ltr'><strong>procliuior.</strong></span> 
     </span>
    </p>
   </div>
   <div class='ocr_carea' id='block_1_6' title="bbox 182 3503 1141 3876">
    <p class='ocr_par' dir='ltr' id='par_1_6' title="bbox 182 3503 1141 3876">
     <span class='ocr_line' id='line_1_31' title="bbox 182 3503 1140 3583; baseline -0.007 -15"><span class='ocrx_word' id='word_1_228' title='bbox 182 3517 201 3554; x_wconf 80' lang='grc' dir='ltr'><strong>-ῖ</strong></span> <span class='ocrx_word' id='word_1_229' title='bbox 225 3509 312 3568; x_wconf 88' lang='grc' dir='ltr'>ΧΙΧ.</span> <span class='ocrx_word' id='word_1_230' title='bbox 331 3513 379 3567; x_wconf 87' lang='grc'><strong>67.</strong></span> <span class='ocrx_word' id='word_1_231' title='bbox 398 3508 636 3574; x_wconf 79' lang='lat' dir='ltr'><strong>Exsistitautem</strong></span> <span class='ocrx_word' id='word_1_232' title='bbox 646 3503 1140 3583; x_wconf 81' lang='lat' dir='ltr'><strong>hoclocoquaedamquaertiosub-</strong></span> 
     </span>
     <span class='ocr_line' id='line_1_32' title="bbox 183 3598 1140 3686; baseline -0.009 -21"><span class='ocrx_word' id='word_1_233' title='bbox 183 3605 328 3666; x_wconf 85' lang='lat' dir='ltr'><strong>difficilis:</strong></span> <span class='ocrx_word' id='word_1_234' title='bbox 350 3625 420 3662; x_wconf 89' lang='lat' dir='ltr'><strong>num</strong></span> <span class='ocrx_word' id='word_1_235' title='bbox 431 3603 551 3686; x_wconf 87' lang='lat' dir='ltr'><strong>quando</strong></span> <span class='ocrx_word' id='word_1_236' title='bbox 562 3604 649 3664; x_wconf 89' lang='lat' dir='ltr'><strong>amici</strong></span> <span class='ocrx_word' id='word_1_237' title='bbox 660 3603 742 3673; x_wconf 85' lang='lat' dir='ltr'><strong>novi,¹</strong></span> <span class='ocrx_word' id='word_1_238' title='bbox 749 3600 832 3679; x_wconf 82' lang='lat' dir='ltr'><strong>digni</strong></span> <span class='ocrx_word' id='word_1_239' title='bbox 843 3599 979 3667; x_wconf 84' lang='lat' dir='ltr'><strong>amicitia,</strong></span> <span class='ocrx_word' id='word_1_240' title='bbox 989 3598 1140 3656; x_wconf 85' lang='lat' dir='ltr'><strong>veteribus</strong></span> 
     </span>
     <span class='ocr_line' id='line_1_33' title="bbox 183 3694 1141 3780; baseline -0.01 -21"><span class='ocrx_word' id='word_1_241' title='bbox 183 3701 246 3762; x_wconf 78' lang='lat' dir='ltr'><strong>sint</strong></span> <span class='ocrx_word' id='word_1_242' title='bbox 259 3700 469 3780; x_wconf 83' lang='lat' dir='ltr'><strong>anteponendi,</strong></span> <span class='ocrx_word' id='word_1_243' title='bbox 477 3705 513 3757; x_wconf 78' lang='lat' dir='ltr'><strong>&#39;ut</strong></span> <span class='ocrx_word' id='word_1_244' title='bbox 527 3700 612 3776; x_wconf 88' lang='lat' dir='ltr'><strong>equis</strong></span> <span class='ocrx_word' id='word_1_245' title='bbox 622 3699 730 3758; x_wconf 83' lang='lat' dir='ltr'><strong>&#39;vetulis</strong></span> <span class='ocrx_word' id='word_1_246' title='bbox 744 3703 863 3756; x_wconf 77' lang='lat' dir='ltr'><strong>teneros</strong></span> <span class='ocrx_word' id='word_1_247' title='bbox 874 3707 1053 3772; x_wconf 86' lang='lat' dir='ltr'><strong>anteponere</strong></span> <span class='ocrx_word' id='word_1_248' title='bbox 1067 3694 1141 3750; x_wconf 87' lang='lat' dir='ltr'><strong>sole-</strong></span> 
     </span>
     <span class='ocr_line' id='line_1_34' title="bbox 182 3786 1141 3876; baseline -0.011 -20"><span class='ocrx_word' id='word_1_249' title='bbox 182 3795 442 3876; x_wconf 75' lang='lat' dir='ltr'><strong>musi-IndIgna</strong></span> <span class='ocrx_word' id='word_1_250' title='bbox 450 3794 568 3853; x_wconf 87' lang='lat' dir='ltr'><strong>homine</strong></span> <span class='ocrx_word' id='word_1_251' title='bbox 577 3793 737 3852; x_wconf 84' lang='lat' dir='ltr'><strong>dubitatio!</strong></span> <span class='ocrx_word' id='word_1_252' title='bbox 774 3791 846 3850; x_wconf 90' lang='lat' dir='ltr'><strong>Non</strong></span> <span class='ocrx_word' id='word_1_253' title='bbox 855 3788 935 3849; x_wconf 87' lang='lat' dir='ltr'><strong>enirn</strong></span> <span class='ocrx_word' id='word_1_254' title='bbox 944 3786 1141 3848; x_wconf 86' lang='lat' dir='ltr'><strong>amicitiarum</strong></span> 
     </span>
    </p>
   </div>
   <div class='ocr_carea' id='block_1_7' title="bbox 631 3887 698 3948">
    <p class='ocr_par' dir='ltr' id='par_1_7' title="bbox 631 3887 698 3948">
     <span class='ocr_line' id='line_1_35' title="bbox 631 3887 698 3948; baseline -0.03 0"><span class='ocrx_word' id='word_1_255' title='bbox 631 3887 698 3948; x_wconf 81' lang='lat'><strong>02</strong></span> 
     </span>
    </p>
   </div>
   <div class='ocr_carea' id='block_1_8' title="bbox 0 0 1354 4508">
    <p class='ocr_par' dir='ltr' id='par_1_8' title="bbox 0 0 1354 4508">
     <span class='ocr_line' id='line_1_36' title="bbox 0 0 1354 4508; baseline 0 0"><span class='ocrx_word' id='word_1_256' title='bbox 0 0 1354 4508; x_wconf 95' lang='lat' dir='ltr'><strong> </strong></span> 
     </span>
    </p>
   </div>
  </div>
 </body>
</html>
