2698 4508
202 473 244 533 68
474 492 507 534 u.
524 493 553 534 r.
569 493 730 535 cressonis
749 495 878 547 scarus,

202 621 340 690 Paulum,
355 623 398 680 M.
409 622 562 692 Catonem,
578 624 612 682 O.
624 624 754 694 Gallum,
770 626 805 684 P.
815 625 964 694 Nasicam,
977 626 1044 684 Tib.
1056 626 1150 684 Grae.

201 714 298 781 chum,
316 714 461 791 Scipionis
480 716 573 773 nostri
592 735 737 787 socerum,
754 717 919 776 dileximus.
961 718 1038 776 Haec
1059 719 1148 776 etiam

201 808 295 883 magis
313 809 411 865 elucet
427 809 791 887 inte1·aequalas,utinter
807 833 855 871 me
873 813 1096 892 etScipionem,
1112 813 1148 870 L.

200 900 334 970 Furium,
350 901 385 960 P.
396 903 560 981 Rupilium,
576 904 628 983 Sp.
640 906 831 964 Mummium:
851 908 978 965 vicissim
993 922 1091 965 autem
1105 928 1148 965 se·

198 995 298 1052 necin
319 996 552 1056 adolescentium
570 1001 693 1059 caritate
711 1002 936 1078 acquiescimus,
952 1015 985 1060 ut
997 1003 1029 1059 in
1041 1015 1148 1072 vestra,

136 1153 137 1158 ἵ
199 1089 271 1146 utin
281 1090 514 1162 Q.Tuberouis;
534 1094 673 1171 equidem
682 1096 772 1153 etiam
782 1096 943 1153 admodum
956 1096 1149 1158 adolescentis

201 1183 360 1256 P.Rutilii‚
369 1187 541 1265 A.Virgiuii
553 1189 751 1249 Familiaritate
763 1189 902 1250 delector.
940 1192 1151 1269 Quoniamque

123 1266 124 1275 ἵ
201 1282 243 1339 ita
265 1283 341 1340 ratio
363 1298 532 1366 comparata
554 1297 600 1343 est
621 1285 689 1343 vitae
715 1299 887 1364 naturaeque
908 1299 1024 1356 nostrae,
1043 1300 1076 1345 ut
1095 1287 1152 1344 alia

201 1389 274 1434 aetas
294 1378 405 1436 oriatur
425 1399 464 1436 ex
486 1379 558 1449 alia3
584 1381 713 1437 maxime
731 1380 852 1456 quidem
872 1380 1031 1457 optandum
1053 1395 1105 1450 est,
1120 1394 1152 1438 ut
1174 1405 1178 1414 “

203 1491 273 1530 cum
289 1474 452 1550 aequalibus
470 1474 573 1550 possis,
589 1474 764 1549 quibuscum
782 1486 930 1548 tamquam
948 1493 965 1530 e
981 1475 1151 1532 carceribus

197 1566 327 1622 ,emissus
343 1567 393 1634 sis,
408 1586 475 1623 oum
493 1566 605 1622 eisdem
623 1566 658 1622 ad
673 1568 794 1633 calcem,
808 1579 840 1622 ut
854 1564 970 1635 dicitur,
985 1569 1150 1643 pervenire.

203 1663 269 1716 102.
287 1657 348 1714 Sed
362 1659 501 1734 quoniam
517 1677 564 1715 res
580 1659 716 1716 humanae
733 1657 854 1736 fragiles
870 1658 1052 1737 caducaeque
1072 1675 1148 1732 sunt,

202 1770 321 1827 semper
335 1750 425 1827 aliqui
438 1750 610 1826 anquirendi
624 1764 701 1820 sunt,
710 1770 784 1828 quos
795 1751 960 1828 diligamus,
972 1766 1003 1810 et
1016 1755 1149 1830 aquibus

201 1845 380 1922 diligamur:
402 1845 524 1903 caritate
538 1844 620 1902 enim
633 1845 898 1923 benevolentiaque
913 1848 1037 1918 sublata,
1054 1850 1152 1908 omnis·

202 1952 246 1998 est
256 1961 274 1997 e
284 1939 344 1997 vita
358 1940 475 1997 sublata
483 1939 665 2018 jucunditas.
706 1941 780 1998 Mihi
791 1942 911 2018 quidem
927 1944 1039 2023 Scipio,
1049 1967 1149 2022 quarn·

201 2055 287 2110 quam
309 2046 354 2092 est
373 2035 471 2092 subito
492 2046 619 2113 ereptus,
636 2036 708 2094 vivit
728 2049 837 2106 tamen,
854 2058 1031 2117 semperque
1052 2041 1147 2100 vivet:

201 2129 339 2188 virtutem
364 2130 443 2190 enirn
468 2129 562 2188 amavi
582 2131 661 2189 illius
684 2132 749 2202 viri,
770 2153 837 2210 quae
862 2135 993 2193 extincta
1008 2135 1074 2192 ‘non
1098 2149 1150 2194 ast.

202 2224 270 2286 Nec
290 2227 362 2284 mihi
379 2226 434 2285 soli
450 2239 585 2284 versatur
605 2240 672 2286 ante
692 2229 802 2302 oculos,
817 2229 867 2307 qui
883 2229 963 2288 illam
984 2251 1104 2309 semper
1119 2231 1150 2288 in

202 2321 336 2379 manibus
353 2321 452 2388 habui,
470 2320 629 2379 sedetiam
648 2323 776 2401 posteris
796 2324 852 2380 erit
872 2325 951 2382 clara
972 2337 1002 2381 et
1019 2324 1149 2400 insignis.

203 2413 303 2474 Nemo
321 2436 448 2493 unquam
468 2415 564 2474 animo
585 2428 636 2474 aut
655 2437 709 2494 spe
726 2417 840 2494 majora
860 2418 1009 2494 suscipiet,
1024 2417 1075 2494 qui
1092 2418 1150 2476 sibi

201 2529 259 2570 non
271 2512 347 2569 illius
361 2511 534 2570 memoriam
549 2522 637 2587 atque
648 2511 808 2587 imaginem
819 2510 1044 2589 proponendam
1056 2524 1149 2589 putet.

204 2609 270 2663 103.
290 2605 442 2681 Equidem
460 2625 498 2663 ex
515 2605 649 2662 omnibus
666 2604 763 2672 rebus,
778 2625 851 2680 quas
867 2604 940 2662 mihi
957 2617 1007 2662 aut
1022 2604 1148 2675 fortuna,

202 2713 252 2757 aut
268 2713 373 2757 natura
386 2700 496 2769 tribuit,
510 2700 583 2757 nihil
595 2699 699 2767 habeo,
714 2698 794 2775 quod
809 2719 876 2756 cum
892 2699 1021 2757 amicitia
1034 2699 1149 2778 Scipio-

200 2794 246 2852 nis
261 2795 373 2872 possim
387 2814 568 2872 comparare.
609 2794 644 2852 In
658 2795 714 2851 hoc
727 2793 800 2850 mibi
810 2793 849 2850 de
863 2793 1015 2870 republica
1029 2810 1148 2852 consen·

200 2909 259 2958 sus,
270 2889 300 2945 in
314 2889 369 2946 hac
383 2909 482 2946 rerum
496 2889 676 2967 privatarum
690 2887 855 2956 consilium,
866 2887 895 2944 iu
911 2886 1016 2945 eadem
1029 2889 1148 2964 requies

200 2985 291 3062 plena
304 2983 508 3041 oblectationis
518 2983 581 3041 fuit.
623 2982 786 3058 Nunquam
800 2982 884 3040 illum
897 3002 937 3039 ne
951 2982 1073 3060 minima
1085 2983 1147 3061 qui·

200 3079 270 3136 dem
284 3098 318 3136 re
333 3077 448 3146 offendi,
457 3077 540 3154 quod
550 3076 671 3154 quidem
684 3077 842 3148 senserim
860 3077 932 3134 nihil
947 3077 1046 3135 audivi
1059 3093 1148 3136 ex'eo

199 3173 368 3252 ipse,-quod
384 3174 502 3230 nollem.
543 3173 614 3230 Una
629 3171 738 3230 domus·
754 3184 824 3241 erat,
841 3171 922 3229 idem
938 3172 1042 3242 victus,
1059 3173 1146 3250 isque

199 3268 382 3339 communis;
412 3286 511 3344 neque
535 3267 629 3324 solum
653 3265 766 3336 militia,
788 3265 841 3325 sed
863 3266 952 3324 etiam
976 3269 1146 3345 peregrina·

198 3361 302 3431 tiones,
310 3362 573 3438 rusticationesque
583 3379 764 3419 communes.
797 3364 862 3419 104.
874 3362 1033 3440 Numquid
1043 3363 1147 3440 egode

198 3457 302 3515 studiis
313 3457 409 3532 dicam
420 3456 618 3535 cognoscendi
629 3477 748 3535 semper
762 3457 882 3535 aliquid,
894 3472 981 3536 atque
992 3459 1125 3518 discendi
1135 3461 1146 3519 l

197 3550 228 3609 in
245 3551 352 3628 quibus
366 3553 474 3611 remoti
492 3553 529 3610 ab
545 3551 639 3610 oculis
656 3553 758 3632 populi
775 3573 862 3612 omne
883 3555 1010 3614 otiosum
1030 3567 1147 3633 tempus

198 3645 398 3707 contrivimus.
439 3647 576 3720 Quarum
597 3667 698 3708 rerum
718 3651 883 3710 recordatio
904 3663 933 3710 et
951 3652 1103 3721 memoria,
1122 3653 1147 3710 si

198 3761 341 3800 unacum
358 3743 410 3800 illo
431 3743 593 3812 occidisset,
608 3743 789 3804 desiderium
802 3746 1038 3825 conjunctissimi
1057 3759 1146 3822 atque

199 3836 393 3896 amantissimi
408 3837 464 3895 viri
477 3837 556 3897 ferre
573 3839 655 3898 nullo
673 3838 761 3898 modo
778 3859 904 3918 possem.
944 3839 1005 3898 Sed
1021 3857 1077 3896 nec
1093 3839 1146 3896 illa

1324 1387 1340 1454 l
