2698 4508
203 423 244 503 so
545 453 578 493 n.
595 453 624 494 τ.
641 453 801 494 cressonis

202 583 378 666 pristetisse
392 581 417 640 si
427 581 646 659 magistratibus
660 600 765 638 manus
780 583 922 640 efferenti
943 605 1149 663 quemcunque

202 682 233 738 in
250 679 370 738 domum
387 689 523 756 stuprum
540 676 702 746 intulerint,
717 676 843 736 eundem
861 697 926 735 esse
940 679 1038 738 labem
1052 680 1150 738 libidi-

201 774 271 832 nisl
310 775 358 829 24.
377 771 498 830 Nihilne
513 771 606 847 igitur
622 772 736 828 interest
756 773 837 848 (nem
853 773 909 830 hoc
930 772 1008 831 dicet
1028 773 1148 852 uliquis)

200 877 317 944 patrem
332 867 506 942 quiesceret,
520 887 559 924 un
572 867 706 924 seruum?
746 866 838 925 Nuda
851 867 906 926 ista
919 868 944 926 si
958 889 1060 946 pinsas,
1069 869 1148 948 judi-

202 961 269 1028 cari,
283 961 382 1037 quelle
395 961 461 1030 sint,
476 981 535 1020 non
548 961 636 1020 facile
649 974 781 1041 possunt.
823 963 946 1020 Patrem
959 964 1018 1022 vita
1031 965 1148 1041 privare

199 1056 296 1134 siper
311 1074 344 1112 se
361 1057 458 1114 scelus
473 1067 534 1113 est:
557 1056 723 1132 Saguntini,
739 1056 790 1133 qui
804 1070 941 1135 petentes
958 1079 1027 1117 suos
1040 1059 1149 1118 liberos

201 1151 304 1222 emoti,
320 1171 410 1235 quem
430 1169 529 1209 servos
545 1149 646 1208 vivere
663 1152 839 1224 maluerunt,
851 1143 1005 1231 parricide
1022 1153 1149 1213 fuerunt.

183 1246 287 1387 pErgo
302 1257 333 1304 et
346 1245 459 1325 parenti
472 1253 684 1323 nonnunquam
703 1245 795 1305 adimi
809 1249 868 1306 vite
886 1249 949 1308 sine
967 1251 1081 1308 scelere
1099 1271 1150 1329 po·

90 1295 156 1374 iit*
202 1354 276 1402 test:
296 1354 327 1400 et
340 1361 424 1401 servo
438 1361 517 1418 steps
531 1340 595 1398 sine
609 1340 718 1420 injurie
730 1362 787 1400 non
800 1355 905 1420 potest.
947 1341 1049 1410 Causa,
1059 1345 1150 1422 igitur

202 1435 275 1508 bsec,
289 1459 348 1497 non
364 1451 468 1496 nutura
482 1435 650 1513 distinguit;
674 1456 738 1513 quae
755 1437 873 1514 quando
888 1451 954 1498 utro
972 1441 1103 1508 accessit,
1118 1439 1150 1497 id

203 1533 235 1590 iit
245 1532 435 1610 propensius;
453 1530 478 1588 si
489 1543 613 1608 utroque
628 1531 769 1608 adjuncta
782 1542 834 1599 est,
845 1531 930 1608 petie
940 1532 1017 1599 liant,
1029 1553 1150 1592 necesse

203 1639 255 1685 est.
296 1631 344 1683 25.
365 1626 444 1684 Illud
462 1637 562 1683 tamen
580 1625 710 1696 interest,
725 1625 804 1702 quod
818 1625 849 1683 in
865 1645 951 1683 servo
967 1627 1111 1696 necando,
1127 1626 1151 1685 sl

202 1722 234 1780 id
244 1721 276 1780 fit
285 1720 400 1799 injuria,
411 1721 504 1778 semel
514 1733 672 1799 peccatum
691 1719 721 1777 in
735 1719 826 1796 patris
839 1719 899 1778 vite
913 1721 1048 1802 violanda
1058 1723 1152 1780 mults

203 1829 372 1896 peccantur.
412 1816 552 1874 Violatur
568 1815 602 1884 is,
617 1813 667 1892 qui
681 1815 865 1893 procreavit:
886 1813 920 1885 is,
935 1815 986 1893 qui
1003 1816 1094 1874 aluit=
1116 1817 1152 1888 is,

204 1913 256 1990 qui
270 1910 415 1969 erudivit:
437 1910 471 1977 is,
485 1910 578 1987 quiin
595 1909 668 1968 sede
686 1929 720 1968 ac
737 1909 825 1967 domo
842 1919 930 1988 utque
947 1911 977 1968 in
997 1911 1153 1989 republica
1246 1948 1252 1961 ι

205 2005 364 2065 collocavit.
405 2003 598 2063 Multitudine
611 2017 799 2082 peccatorum
813 2018 940 2083 praestet‚
955 2026 1051 2083 eoque
1065 2027 1154 2085 poena

202 2102 317 2179 majore
332 2100 437 2178 dignus
452 2112 504 2160 est.
545 2098 607 2158 Sed
619 2119 673 2157 nos
686 2099 715 2157 in
730 2099 796 2169 vita,
810 2121 870 2159 non
885 2123 952 2178 quae
966 2101 1072 2178 cuique
1086 2122 1154 2180 pec·

202 2209 273 2256 'cato
290 2217 378 2275 poena
394 2194 442 2265 sit,
456 2193 509 2252 sed
523 2206 662 2271 quantum
679 2195 786 2272 cuique
800 2195 898 2268 liceat,
912 2211 1048 2274 spectare
1065 2197 1155 2254 debe-

146 2283 149 2290 ’
205 2311 290 2351 mus:
315 2288 456 2369 quidquid
478 2308 535 2346 non
557 2302 683 2366 oportet,
701 2292 798 2365 scelus
819 2311 903 2349 esse:
929 2291 1073 2368 quidquid
1093 2311 1154 2348 non

205 2387 286 2457 licet,
301 2387 381 2445 nefus
395 2396 500 2463 putare
515 2383 666 2442 debemus.
689 2372 847 2442 “Etiamne
861 2385 891 2442 in
906 2385 1032 2442 minimis
1047 2385 1155 2444 rebusl

206 2482 327 2542 Etiam:
347 2480 372 2538 si
387 2479 507 2557 quidem
522 2498 624 2536 rerunt
640 2478 762 2536 modum
776 2479 889 2556 fingere
905 2499 964 2536 non
981 2499 1153 2557 possumus3

207 2576 370 2635 animorum
383 2573 505 2632 modum
518 2586 621 2631 tenere
635 2583 802 2652 possumus.
842 2579 891 2630 26.
908 2573 1020 2630 Histrio
1034 2573 1058 2630 si
1072 2575 1155 2652 peul-

205 2670 267 2727 lum
285 2689 317 2727 se
334 2669 427 2736 movit
443 2681 527 2726 extra
542 2687 710 2738 numerum,
725 2679 775 2725 eut
791 2667 816 2726 si
831 2687 935 2725 versus
952 2668 1155 2745 pronuntiatus

206 2777 250 2824 est
263 2765 375 2841 syllaba
388 2784 446 2823 unu
457 2764 575 2822 brevior
588 2776 638 2822 sut
651 2762 773 2840 longior,
788 2762 964 2820 exsibilatur
977 2774 1008 2821 et
1021 2762 1155 2840 explodi-

205 2871 270 2918 tur:
298 2858 329 2915 in
345 2857 405 2916 vitu
424 2860 465 2926 tir,
483 2879 549 2932 quoe
566 2858 645 2914 omni
663 2869 747 2933 gestu
766 2857 955 2927 moderetidr,
971 2859 1052 2913 omni
1069 2877 1156 2940 versu

206 2953 302 3032 aptior
313 2972 380 3011 esse
391 2951 489 3023 debet,
499 2963 532 3008 ut
541 2950 572 3007 in
582 2951 696 3027 syllaba
706 2962 736 3008 te
747 2969 887 3027 peccasse
896 2949 995 3009 dices'l
1026 2951 1154 3011 Poetsm

205 3069 265 3108 nun
276 3047 365 3106 sudio
375 3047 406 3106 in
416 3045 517 3124 nugis:
535 3044 566 3102 in
577 3044 644 3107 vitae
655 3045 798 3104 societate
809 3044 927 3104 audiam
939 3046 1044 3118 civem,
1055 3047 1156 3126 digitis

206 3155 330 3222 peccate
351 3141 553 3200 dimetientem
575 3139 649 3198 sual
690 3139 768 3210 Quae
790 3137 815 3198 si
835 3139 898 3198 viss
921 3155 989 3199 sunt
1008 3143 1154 3214 breviora,

59 3250 172 3344 ωλι
206 3239 318 3296 leviora
332 3238 382 3314 qul
397 3234 511 3315 possint
532 3230 640 3317 videri,p
658 3253 760 3312 quum,
774 3233 916 3312 quidquid
930 3250 1079 3316 peccetur,
1090 3259 1155 3316 per·

109 3300 181 3372 “⁴¹
206 3331 373 3390 turbatione
397 3342 540 3410 peccetur
564 3327 685 3388 rationis
709 3340 799 3408 atque
823 3329 952 3403 ordinis;
983 3333 1156 3412 perturbate

136 3499 140 3508 1
207 3437 305 3484 autem
320 3425 412 3484 semel
422 3425 536 3483 ratione
550 3436 581 3482 et
593 3422 785 3498 ordme‚n1htl
794 3425 889 3508 possit
902 3427 981 3500 eddi,
990 3449 1050 3508 quo
1061 3428 1155 3507 magis

206 3519 325 3598 peccari
338 3539 427 3600 posse
440 3517 594 3581 videaturt

414 4256 523 4454 ι
601 4098 988 4454 Pn
