2698 4508
342 477 344 482 ·
373 473 517 518 scurrus
534 473 914 528 scrrtorrrs.-err.v.,v1.
1040 492 1047 506 κ
1079 459 1119 519 9'1

174 606 346 684 conjunctus
365 605 537 684 imparibus,
551 605 603 664 sed
623 617 723 664 tamen
743 625 797 684 pro
817 618 883 666 rate
901 617 996 686 perte,
1005 607 1120 666 ratione

177 699 328 771 distinctis,
342 701 473 782 impulsu
486 713 516 760 et
531 713 613 760 motu
629 700 760 778 ipsorum
777 701 894 760 orbium
912 702 1074 774 conficitur,
1089 716 1121 762 et

168 808 256 856 acute
277 815 345 855 cnm
369 795 509 873 gravibus
529 807 709 873 temperans,
725 796 822 854 varios
844 796 1031 874 aequabiliter
1052 819 1120 856 con·

170 902 274 950 centus
290 889 397 949 efficit:
419 907 476 950 nec
493 891 573 948 enim
586 891 706 952 silentio
722 891 795 950 tenti
812 904 908 951 motus
921 892 1038 952 incitari
1053 914 1119 972 pos·

169 999 244 1056 sunt,
259 999 290 1045 et
309 999 415 1044 natura
431 985 497 1055 fert,
511 985 695 1043 ut'extreme
711 1005 750 1043 ex
767 987 859 1044 altera
875 999 960 1064 parte
980 989 1119 1066 graviter,

169 1082 314 1139 exaltem
325 1093 425 1139 eutem
440 1091 526 1138 acute
540 1093 653 1138 sonent.
693 1079 795 1152 Quem
807 1081 846 1139 ob
856 1101 974 1140 censam
988 1103 1120 1142 summus

169 1173 218 1233 ille
240 1177 318 1250 eceli
329 1175 454 1234 stellifer
473 1191 585 1244 cursus,
602 1175 688 1253 cujus
708 1175 860 1234 conversio
876 1188 921 1234 est
940 1178 1120 1248 concitatior,

168 1285 258 1330 acuto
279 1283 312 1328 et
333 1269 462 1328 excitato
484 1280 621 1330 moretur
640 1289 728 1330 sono:
759 1270 933 1348 gravissimo
954 1285 1053 1330 eutem
1072 1273 1121 1331 hic

167 1362 280 1424 lunaris
301 1377 391 1441 atque
411 1363 550 1422 infimus:
577 1383 647 1422 nam
667 1376 754 1435 terra,
776 1385 864 1434 none,
881 1364 1040 1424 immobilis
1061 1387 1121 1425 ma-

166 1475 253 1530 nens,
268 1461 329 1518 ima
348 1459 421 1518 sede
441 1478 561 1537 semper
575 1461 677 1530 haeret,
692 1461 851 1538 complexa
870 1459 1002 1518 medinm
1020 1462 1121 1520 mundi

166 1554 276 1614 locum
316 1555 363 1612 Illi
381 1567 480 1614 autem
497 1567 565 1614 octo
586 1573 697 1624 cursus,
712 1555 743 1614 in
760 1555 868 1632 quibus
889 1555 995 1614 eedem
1013 1556 1057 1614 ris
1075 1570 1122 1616 est

166 1648 305 1721 duorum,
322 1663 437 1728 septem
454 1648 583 1708 efficiunt
600 1650 750 1710 distinctos
766 1649 928 1710 intervallis
941 1671 1048 1712 sonos:
1069 1652 1121 1730 qui

165 1763 310 1805 numerus
323 1765 422 1804 rerum
435 1744 567 1803 omnium
580 1744 643 1802 fere
654 1745 749 1805 nodus
758 1759 822 1805 est:
844 1745 923 1824 quod
934 1747 1013 1806 docti
1026 1748 1121 1805 homi·

166 1857 220 1898 nes
234 1840 333 1898 serris
346 1839 460 1910 imitati,
471 1853 559 1916 atque
573 1840 716 1909 cantibus,
729 1853 908 1918 aperuerunt
921 1841 978 1900 sibi
991 1843 1120 1901 reditum

166 1933 197 1992 in
217 1936 298 1992 hunc
317 1934 426 2004 locum,
448 1934 526 1992 sicut
546 1933 607 2002 alii,
632 1934 683 2009 qui
702 1935 909 2011 praestantibus
933 1935 1069 2013 ingeniis,
1088 1937 1120 1994 in

164 2029 228 2089 rita
238 2031 375 2098 hnmana,
384 2029 485 2088 divina
494 2028 591 2086 studia
601 2029 764 2086 coluerunt.
803 2028 873 2087 Hoc
884 2030 980 2088 sonitu
992 2033 1119 2108 oppletee

165 2141 255 2183 eures
264 2125 418 2182 homiuum
433 2120 669 2180 obsurduerunt:
690 2139 747 2178 nec
761 2133 806 2179 est
819 2123 898 2179 ullus
907 2123 1042 2181 hebetior
1057 2145 1119 2182 sen·

164 2238 218 2279 sus
232 2220 264 2276 iu
274 2217 377 2275 vobis:
399 2216 476 2274 sicut
489 2215 542 2272 ubi
552 2214 641 2272 Nilus
656 2213 693 2271 ad
704 2214 766 2283 illa,
777 2234 844 2291 quae
854 2214 1015 2293 Catadupa
1027 2217 1120 2273 norni-

163 2325 284 2382 nautur,
301 2309 468 2390 praecipitat
489 2329 529 2371 ex
551 2309 700 2368 altissimis
721 2309 878 2378 montibus,
895 2329 931 2368 ee
953 2330 1036 2388 gene,
1054 2327 1120 2387 qum

164 2408 253 2466 illum
266 2408 367 2466 locum
382 2405 496 2476 accolit,
511 2415 632 2484 propter
646 2403 879 2482 magnitudinem
893 2405 1015 2475 sonitus,
1031 2425 1121 2464 sensu

166 2501 307 2562 audiendi
324 2513 414 2561 cerat.
455 2501 519 2560 Hic
531 2519 604 2559 vero
619 2511 718 2559 tentus
735 2511 781 2558 est
797 2499 887 2558 totius
903 2500 1005 2558 mnndi
1019 2499 1121 2560 incita·

165 2597 281 2658 tissima
291 2597 484 2656 conversione
494 2595 616 2666 sonitus,
626 2607 659 2654 ut
671 2615 739 2654 eum
750 2615 837 2653 eures
847 2595 1000 2654 hominum
1011 2617 1121 2676 capere

166 2711 228 2750 non
247 2693 369 2772 possint,
388 2692 465 2750 sicut
480 2690 589 2749 intueri
608 2692 701 2750 solem
719 2690 874 2749 adversum
890 2691 1026 2769 nequitie,
1044 2693 1121 2770 ejus-

167 2807 227 2863 que
240 2787 329 2844 radiis
347 2787 426 2844 acies
439 2798 537 2843 restra
553 2805 716 2861 sensusque
730 2785 866 2843 vincitur.
907 2787 984 2846 Haec
998 2808 1055 2866 ego
1070 2788 1119 2848 ad-

167 2883 288 2952 mirans,
301 2880 467 2940 referebam
479 2890 579 2938 temen
594 2880 695 2937 oculos
709 2877 747 2937 ed
760 2889 869 2940 terrem
883 2881 1054 2942 identidem.

208 3071 266 3130 Vl.
285 3071 365 3130 Tum
373 3069 543 3140 Africanas,
552 3069 664 3140 Sentio,
673 3069 778 3148 lnquit,
786 3082 816 3130 te
826 3071 930 3131 sedem
941 3074 1031 3131 etiem
1042 3093 1120 3132 nunc

168 3167 322 3226 hominum
341 3185 375 3225 ec
392 3165 513 3224 domum
533 3165 746 3245 contemplari:
770 3187 838 3246 qnae
858 3166 883 3226 si
900 3167 955 3225 tibi
972 3186 1071 3244 parre,
1088 3181 1121 3225 ut

168 3274 223 3333 est,
232 3261 274 3321 ita
283 3260 480 3332 ridemr,haec
490 3259 621 3320 coelestia
631 3281 750 3342 semper
763 3275 912 3341 spectato:
929 3262 980 3320 ille
990 3263 1120 3320 humane

168 3356 358 3416 contemnito.
399 3356 448 3415 Tu
468 3357 548 3414 enlm
572 3377 661 3433 qnam
681 3357 885 3416 celebritatem
905 3357 1048 3414 sermonis
1069 3357 1119 3412 ho·

167 3452 291 3523 minum,
309 3463 468 3528 cuiquem
488 3451 687 3530 expetendam
708 3451 834 3528 gloriam
854 3449 993 3526 consequi
1010 3452 1118 3528 potesl

168 3547 265 3607 Vides
276 3547 403 3607 habitari
414 3549 446 3606 in
458 3561 538 3607 terra
550 3547 625 3606 reris
638 3558 669 3604 et
683 3547 813 3624 angristis
827 3548 858 3604 in
868 3547 951 3618 locis,
966 3560 995 3605 et
1005 3548 1035 3605 in
1047 3549 1119 3627 ipsis

168 3644 253 3722 qaesi
262 3643 395 3715 maculis,
406 3643 459 3705 nbi
468 3643 627 3712 habitatur,
638 3655 736 3700 vestes
750 3641 924 3700 solitudines
934 3641 1118 3722 interjectas:

168 3759 291 3816 eosque,
309 3739 361 3817 qni
378 3739 512 3798 incolunt
535 3749 654 3807 terram,
677 3755 738 3796 non
761 3736 853 3796 modo
874 3735 1056 3816 interruptos
1077 3739 1121 3798 ita

169 3853 245 3904 esee,
257 3846 290 3894 nt
300 3834 373 3894 nihil
382 3827 462 3892 inter
472 3833 553 3912 ipsos
563 3833 601 3892 ab
615 3832 680 3892 aliis
691 3832 729 3892 ad
740 3831 815 3892 alios
824 3851 944 3892 manere
955 3834 1056 3913 possit,
1066 3835 1120 3894 sed

630 3927 659 3983 E
