2664 4508
412 351 484 395 srva
501 353 542 396 nn
561 353 869 398 sannorum—cnr.
883 355 979 410 x.,x1.
1130 345 1169 406 ta

219 505 311 548 anuos
330 497 435 554 umus:
463 506 531 545 cum
552 485 701 572 ingressus
721 486 777 546 iter
795 486 922 565 pedibus
942 488 988 559 sit,
1006 488 1045 562 in¹
1058 510 1169 568 equum

218 583 338 642 omnino
351 601 410 640 non
424 579 623 652 adscender03
645 602 714 640 cum
729 601 815 659 eque,
831 603 869 641 ex
884 604 961 660 equo
974 605 1034 643 non
1048 584 1169 646 descen·

208 677 306 754 dere:
327 678 409 736 nullo
425 677 528 745 imbre,
542 677 625 734 nullo
641 675 752 754 frigore
769 677 885 747 adduci,
900 680 1046 760 utcapite
1065 694 1169 759 operto

216 773 266 833 sit:
285 793 432 833 summam
445 793 510 830 esse
522 772 599 832 ineo
614 773 747 851 corporis
761 773 939 832 siccitatem:
957 775 1058 854 iteque
1069 776 1169 836 omniu

216 867 341 946 exsequi
350 868 430 945 regis
441 867 540 926 officia
551 881 582 926 et
592 887 723 928 munera
763 869 870 928 Potest
881 870 973 947 igitur
984 871 1167 941 exercitatio,

216 977 245 1022 et
258 963 456 1043 temperantia
473 962 562 1022 etiem
578 964 722 1024 senectuti
738 985 914 1024 conservare
928 966 1040 1044 aliquid
1052 967 1172 1045 pristini,

214 1059 337 1118 roboris.

255 1249 311 1320 XI.
333 1248 404 1310 Non
418 1235 530 1321 suntin
544 1257 697 1308 senectute
710 1249 799 1308 vires.
839 1251 889 1308 Ne
903 1253 1090 1331 postulantur
1104 1253 1166 1330 qui·

213 1341 283 1402 dem
294 1343 373 1402 vires
387 1363 405 1400 a
418 1356 579 1402 senectute.
619 1343 703 1421 Ergo
718 1345 875 1424 etlegibus
890 1359 921 1404 et
932 1346 1070 1406 institutis
1081 1361 1167 1428 uacat

111 1515 114 1522 Ι
197 1450 283 1498 etas
303 1451 403 1498 uestra
419 1439 593 1500 muneribus
610 1439 655 1509 iis,
670 1461 736 1517 quae
754 1460 813 1498 non
829 1454 953 1519 possunt
974 1441 1038 1500 sine
1055 1442 1168 1500 viribus

211 1534 359 1616 sustineri.
400 1535 506 1612 Itaque
522 1554 583 1592 non
600 1533 698 1606 modo,
713 1535 792 1613 quod
806 1555 864 1594 non
882 1556 1048 1614 possumus,
1062 1537 1115 1596 ned
1129 1557 1166 1594 ne

212 1643 355 1707 quantum
375 1649 533 1709 possumus
554 1630 686 1707 quidem,
703 1631 849 1710 cogimur.
896 1637 945 1690 35.
961 1633 1004 1690 At
1021 1632 1061 1690 ita
1081 1633 1166 1691 multi

212 1738 280 1783 sunt
300 1725 442 1804 imbecilli
462 1745 559 1795 senes,
577 1738 610 1785 ut
629 1728 742 1784 nullum
765 1727 862 1796 officii,
882 1739 934 1785 aut
956 1728 1076 1786 omnino
1096 1727 1165 1786 vitae

212 1841 318 1878 munus
335 1819 462 1898 exsequi
475 1821 597 1899 possint.
637 1823 681 1880 At
694 1822 726 1879 id
740 1822 862 1900 quidem
876 1843 937 1880 non
949 1823 1103 1902 proprium
1120 1844 1164 1882 se·

211 1919 336 1991 nectutis
348 1919 457 1979 vitium»
466 1932 519 1988 est,
530 1917 584 1976 sed
598 1939 754 1978 commune
768 1919 953 1979 valetudinis.
987 1920 1095 1991 Quam
1110 1919 1165 1977 fuit

211 2014 377 2072 imbecillus
394 2014 429 2072 P.
442 2013 579 2074 Africani
598 2015 683 2086 filius,
696 2015 722 2074 is
749 2015 800 2092 qui
824 2028 854 2074 te
878 2013 1045 2092 adoptavit!
1076 2033 1165 2091 quam

211 2107 302 2176 muni,
318 2119 369 2165 aut
382 2107 464 2166 nulla
476 2107 575 2185 potius
588 2107 775 2175 valetudine!
798 2106 879 2185 quod
893 2107 924 2165 ni
939 2107 981 2164 ita
995 2106 1108 2176 fuisset,
1123 2108 1164 2164 al-

210 2213 309 2260 terum
322 2202 397 2262 illud
411 2202 570 2260 exstitisset
584 2203 683 2260 lumen
698 2202 839 2260 civitatis:
862 2203 899 2260 ad
914 2215 1067 2280 paternam
1082 2202 1163 2261 enim

149 2304 150 2309 ’
210 2297 444 2376 magnitudinem
465 2297 556 2356 animi
573 2297 706 2356 doctrina
722 2295 843 2355 uberior
863 2310 1036 2354 accesserat.
1078 2297 1164 2368 Quid

209 2394 320 2452 mirum
332 2393 422 2473 igitur
435 2394 466 2452 in
479 2393 611 2464 senibus,
622 2383 651 2451 'si
662 2391 772 2452 infirmi
786 2403 854 2450 sunt
868 2391 1035 2468 aliquando,
1050 2411 1118 2450 curn
1132 2391 1164 2449 id

208 2480 246 2548 ne
264 2489 465 2549 adolescentes
479 2490 603 2568 quidem
620 2491 752 2568 effugere
766 2486 900 2568 possibtl
941 2487 1162 2559 Resistendum,

209 2585 287 2646 Laeli
301 2599 333 2644 et
346 2585 460 2664 Scipio,
471 2585 618 2646 senectuti
632 2598 684 2655 est,
697 2586 821 2664 ejusque
835 2584 906 2644 vitia
917 2563 1071 2662 diligentia
1085 2605 1162 2644 com·

207 2681 360 2760 pensanda
373 2693 441 2740 sunt
448 2703 456 2752 ;
476 2681 679 2759 pugnandum,
688 2693 839 2758 tamquam
849 2694 951 2755 contre
961 2683 1108 2754 morbum,
1119 2683 1162 2741 sie

209 2791 309 2836 contra
322 2789 516 2836 senectutem.
556 2781 605 2836 36.
619 2775 769 2834 Habenda
782 2777 858 2834 ratio
868 2777 1060 2850 valetudinis3
1078 2792 1162 2837 uten-

208 2872 279 2932 dum
306 2872 580 2950 exercitationibus,
596 2871 736 2944 modicis3
767 2884 880 2931 tentum
900 2873 963 2932 cibi
984 2885 1015 2932 et
1035 2873 1161 2952 potionis

208 2968 418 3039 adhibendum,
433 2947 651 3026 ul‘reficianlur
663 2969 751 3038 vires,
762 2989 823 3028 non
838 2969 1052 3046 opprimantur.
1094 2969 1161 3028 Nec

206 3084 279 3123 vero
289 3063 408 3144 corpori
420 3064 474 3123 soli
484 3063 719 3127 subveniendum
731 3076 784 3133 est,
794 3063 849 3122 sed
859 3065 950 3124 menti
962 3078 1050 3142 etque
1063 3065 1161 3124 animo

206 3162 299 3220 multo
311 3161 420 3239 magis:
436 3181 505 3234 nem
514 3161 577 3219 haee
586 3181 714 3238 quoque,
723 3160 780 3218 nisi
790 3173 942 3237 tamquam
950 3160 1053 3218 lumini
1062 3161 1162 3220 oleum

206 3254 339 3324 lestines,
351 3257 578 3335 exstinguuntur
591 3269 752 3317 senectute.
790 3257 833 3316 Et
843 3277 967 3336 corpora
977 3256 1097 3335 quidem
1109 3277 1161 3316 ex-

207 3349 379 3410 ercitatione
390 3351 611 3431 ingravescere
631 3353 720 3412 animi
730 3367 829 3412 eutem
841 3373 873 3410 se
884 3351 1053 3412 exercendo
1062 3354 1160 3409 levan-

205 3459 263 3505 tur.
305 3447 386 3505 Nam
406 3470 480 3525 quos
501 3450 541 3509 ait
562 3449 711 3519 Oaecilius,
727 3451 846 3510 comicos
865 3449 965 3506 stultos
984 3467 1082 3504 senes:
1104 3447 1160 3508 hos

205 3541 354 3620 significat
374 3544 516 3616 credulos,
535 3545 703 3615 obliviosos,
720 3544 897 3602 dissolutos:
920 3561 986 3619 quae
1002 3541 1073 3600 vitia
1093 3555 1161 3602 sunt

204 3655 266 3696 uon
282 3639 453 3709 senectutis,
468 3640 522 3700 sed
535 3641 645 3710 inertis,
660 3639 784 3718 ignavae,
799 3637 1004 3696 somniculosae
1022 3652 1160 3699 senectu-

203 3733 250 3796 tis.
292 3733 336 3796 Ut
358 3736 533 3817 petulantia,
555 3749 588 3798 ut
609 3735 704 3796 libido
726 3734 822 3814 magis
846 3747 893 3794 est
917 3734 1159 3810 adolescentium,
