2698 4508
191 443 234 506 64
465 455 499 496 rr.
509 454 546 502 r.
563 451 727 496 crcsrours
745 451 876 503 neurus,

191 597 335 657 narraret,
349 585 522 645 habuisset3'
572 584 623 643 Sic
646 595 753 643 natura
776 581 939 642 solitarium
963 581 1037 640 nihil
1059 594 1147 655 emet,
1240 569 1242 572 ¹
1329 570 1340 594 ¹

194 703 374 762 semperque
392 682 429 741 ed
447 680 569 758 aliquod
586 693 736 756 tamquam
754 677 970 736 adminiculum
987 677 1145 738 annititur:

194 779 273 858 quod
287 779 316 836 in
332 777 509 837 amicissimo
524 795 642 855 quoque
656 773 860 832 dulcissimum
875 786 928 831 est.

233 968 353 1027 XXIV.
375 967 435 1026 Sed
448 987 516 1026 curn
528 978 571 1025 tot
584 966 676 1044 signis
690 964 796 1023 eadem
809 977 913 1023 natura
924 963 1067 1034 declaret,
1077 964 1148 1041 quid

193 1065 272 1133 velit,
283 1064 427 1142 anquirat,
437 1061 596 1131 desideret,
607 1059 846 1138 obsurdescimus
857 1072 957 1117 temen
967 1060 1067 1118 nescio
1078 1081 1148 1137 quo·

194 1160 300 1230 modo;
323 1178 381 1216 nec
394 1178 440 1228 ee,
451 1178 517 1235 quae
533 1158 569 1234 eb
585 1176 621 1214 ea
635 1159 803 1225 monemur,
813 1154 959 1224 audimus.
999 1155 1056 1213 Est
1070 1156 1149 1212 enirn

194 1256 292 1315 verius
307 1268 339 1313 et
352 1253 512 1333 multiplex
526 1273 596 1311 usus
610 1251 755 1320 emicitiae,
770 1252 931 1328 multaeque
946 1270 1043 1310 esusae
1057 1251 1150 1328 ruspi-

195 1352 314 1410 ciouum
337 1350 590 1427 offensionumque
610 1348 732 1406 dentur:
763 1366 837 1424 quae
860 1359 922 1405 tum
946 1346 1067 1414 evitare,
1088 1359 1150 1405 tum

196 1449 325 1517 elevare,
342 1460 406 1505 tum
427 1445 516 1516 ferre,
534 1443 678 1522 sepientis
702 1454 755 1500 est.
800 1441 870 1499 Une
892 1441 943 1498 ille
967 1441 1152 1500 sublevanda

195 1541 318 1600 offensio
339 1553 392 1610 est,
409 1552 443 1598 ut
459 1553 489 1596 et
505 1538 612 1596 veritae
628 1537 659 1594 iu
681 1535 810 1594 amicitie
830 1548 860 1592 et
876 1535 950 1593 fides
970 1536 1149 1595 retineatur:

195 1655 265 1694 nem
282 1648 312 1694 et
328 1633 469 1693 monendi
485 1631 572 1692 amici
588 1650 669 1710 saepe
686 1643 763 1700 sunt,
778 1643 809 1688 et
825 1630 1020 1708 objurgandi:
1043 1644 1073 1690 et
1086 1632 1152 1690 boec

197 1729 373 1809 accipienda
397 1728 500 1797 amice,
516 1746 586 1786 cum
606 1726 752 1784 benevole
775 1725 855 1784 fiunt
896 1729 944 1784 89.
966 1725 1028 1783 Sed
1047 1726 1151 1785 nescio

196 1825 346 1905 quomodo
357 1844 462 1882 verum
473 1835 527 1894 est,
538 1821 620 1900 quod
630 1821 662 1892 in
674 1819 791 1878 Andria
800 1820 954 1879 familiaris
969 1841 1052 1879 meus
1064 1820 1150 1881 dicit=

352 1919 526 1996 Obsequium
542 1917 778 1987 emiceme'ritat
791 1916 890 1974 odium
902 1918 996 1992 parit.

198 2018 327 2076 Moleste
340 2015 460 2084 veritas,
471 2013 496 2072 si
508 2012 682 2090 quidem'ex
696 2033 733 2070 ea
747 2012 879 2072 nescitur
893 2010 1003 2081 odium,
1016 2012 1094 2091 quod
1108 2026 1154 2072 est

197 2133 344 2172 venenum
359 2109 512 2182 amicitiae3
535 2107 589 2168 sed
604 2108 784 2186 obsequium
797 2109 890 2187 multo
904 2107 1065 2178 molestius,
1075 2108 1155 2186 quod

198 2209 328 2288 peccetis
340 2206 498 2285 indulgens
511 2203 695 2284 praecipitem
710 2205 839 2264 amicum
852 2203 1014 2264 ferri'sinit.
1038 2230 1044 2239 ·
1057 2205 1154 2264 Maxi·

198 2325 248 2366 me
264 2318 363 2364 autem
380 2303 469 2382 culpe
485 2302 516 2360 in
534 2322 579 2372 eo,
594 2300 645 2378 qui
660 2313 692 2359 et
705 2300 861 2359 veritatem
874 2305 1106 2379 ‘aspernetuqet
1122 2301 1154 2359 iu

198 2401 333 2460 fraudem
352 2398 496 2476 obsequio
513 2397 684 2474 impellitur.
710 2395 817 2453 Omnis
829 2395 920 2473 igitur
935 2397 991 2452 hac
1008 2396 1038 2452 in
1055 2415 1089 2453 re
1103 2397 1153 2454 he-

198 2495 298 2554 benda
314 2495 389 2553 ratio
404 2507 435 2551 et
448 2491 604 2569 diligentia
620 2503 684 2548 est:
705 2491 843 2567 primum,
858 2502 892 2547 ut
905 2481 1028 2547 monitio
1042 2491 1154 2549 acerbi-

198 2602 269 2658 tate,
287 2588 397 2647 deinde
420 2586 587 2665 objurgatio
611 2585 791 2644 contumelia
814 2597 931 2643 careat:
960 2584 991 2642 iu
1011 2585 1155 2662 obsequio

199 2696 298 2742 eutem
313 2681 465 2760 (quoniam
477 2679 660 2739 Terentiano
670 2679 762 2736 verbo
773 2680 912 2739 lubenter
926 2679 1049 2757 utimur)
1065 2682 1154 2741 corni·

199 2791 244 2838 tas
258 2777 348 2848 edsit3
368 2775 538 2845 assentatio,
549 2774 688 2832 vitiorum
703 2773 844 2851 adjutrix,
855 2774 960 2853 procul
971 2789 1154 2853 amoveatur,

199 2894 266 2951 quae
286 2893 346 2930 non
367 2869 456 2929 modo
478 2870 580 2939 emico,
598 2870 652 2928 sed
669 2889 708 2927 ne
724 2869 819 2928 libero
841 2869 963 2947 quidem
983 2871 1073 2950 digne
1093 2886 1154 2932 est:

200 2968 286 3027 eliter
303 2967 382 3048 euim
400 2986 468 3024 cum
486 2979 620 3043 tyranno,
639 2965 726 3022 aliter
745 2985 814 3023 cum
835 2965 930 3024 emico
948 2966 1063 3025 vivitur.
1105 2973 1153 3028 90.

194 3065 295 3143 ,Cujus
309 3075 409 3124 autem
421 3081 508 3121 aures
519 3061 636 3120 veritati
648 3061 756 3119 cleusae
766 3073 844 3130 sunt,
853 3075 885 3119 ut
896 3063 934 3121 eb
945 3063 1040 3121 emico
1050 3083 1155 3124 verum

200 3160 304 3220 audire
321 3167 464 3236 nequeat,
477 3157 565 3235 hujus
582 3157 663 3215 salus
680 3155 867 3234 desperanda
883 3171 936 3216 est.
978 3158 1091 3218 Scitum
1110 3174 1156 3220 est

200 3256 278 3316 enim
291 3255 364 3314 illud
375 3252 506 3323 Catonis,
518 3265 550 3310 ut
564 3251 675 3310 multe:
698 3253 827 3320 “Melies
842 3253 877 3311 de
890 3255 1065 3331 quibusdam
1078 3277 1155 3315 acer·

200 3353 248 3410 bor
262 3352 391 3409 inimicos
405 3349 515 3419 mereri,
527 3355 673 3425 quomens
686 3350 801 3417 emices,
813 3351 863 3425 qui
873 3350 969 3409 dulces
980 3352 1152 3411 videantur:

199 3447 267 3506 illos
283 3467 379 3506 verum
398 3465 472 3522 sepe
488 3443 589 3514 dicere,
605 3445 656 3503 hoe
676 3447 854 3522 nunquam.”
894 3448 995 3524 Atque
1012 3447 1085 3506 illud
1104 3449 1152 3506 eb-

200 3543 331 3612 surdum,
354 3542 431 3621 quod
454 3541 486 3612 ii,
508 3541 559 3619 qui
583 3553 753 3609 monentur,
775 3561 842 3600 eam
867 3543 1042 3613 molestiam,
1064 3564 1153 3620 quern

200 3638 309 3696 debent
332 3658 447 3716 capere,
465 3655 526 3696 non
549 3638 685 3717 copiunt3
715 3655 781 3695 eem
806 3637 938 3715 capiunt,
962 3659 1022 3716 qua
1043 3638 1154 3697 debent

199 3751 314 3790 vacare.
356 3732 504 3791 Peccesee
522 3733 603 3792 enim
620 3751 653 3790 se
669 3745 908 3810 nonauguntur3
930 3733 1080 3811 objurgari
1093 3753 1153 3791 mo·

200 3827 274 3884 leste
285 3826 399 3885 ferunt:
418 3827 498 3904 quod
511 3839 613 3887 eontra
624 3827 780 3908 oportebat
790 3827 901 3888 delicto
912 3825 1023 3900 dolere,
1035 3847 1151 3888 eorrec-

201 3921 280 3980 tioue
294 3920 434 3999 gaudere.

201 4162 918 4482 llis
