2664 4508
403 468 474 512 srva
492 469 533 510 nn
551 467 821 510 aurumne-cnr.
836 469 865 510 v.
1069 455 1108 514 41

155 617 189 664 ut
199 605 236 664 iis
246 613 384 682 ponatur,
394 599 432 659 de
442 620 501 677 quo
510 599 664 677 disputent
674 599 806 677 quamvis
816 599 921 658 subito.
964 599 1110 678 Magnum

156 721 232 780 opus
249 711 302 766 est,
317 708 446 774 egetque
464 694 675 754 exercitatione
688 714 748 753 non
762 715 863 774 parva.
903 694 1109 766 Quamobrem

156 816 224 873 quae
238 792 385 871 disputari
399 791 438 849 de
456 790 586 849 amicitia
602 804 734 868 possunt,
750 791 788 848 ab
805 790 848 849 eis
866 809 975 849 censeo
992 791 1109 868 petatis,

156 891 208 968 qui
224 889 280 970 ista
300 887 494 966 profitentur:
520 906 577 963 ego
593 905 645 944 vos
665 885 776 944 hortari
795 897 909 945 tautum
929 905 1058 963 pessum,
1076 895 1110 944 ut

155 984 317 1044 amicitiam
335 982 472 1041 omnibus
488 981 577 1038 rebus
593 980 730 1039 humanis
747 979 951 1058 anteponatis;
974 980 1047 1038 nibil
1064 993 1109 1039 est

155 1081 235 1138 e'nim
256 1091 315 1137 tam
335 1089 449 1136 naturae
470 1087 584 1154 aptum,
596 1088 657 1134 tam
678 1074 856 1134 conveniens
878 1075 916 1135 ad
933 1096 982 1134 res
999 1078 1046 1134 vel
1062 1096 1108 1134 se·

154 1174 276 1242 c'uudas,
292 1173 344 1234 vel
364 1171 512 1232 adversas:
557 1174 604 1229 18.
625 1169 687 1229 Sed
702 1170 762 1229 hoc'
779 1171 909 1250 primum
929 1172 1033 1241 sentio,
1051 1171 1108 1230 uisi

152 1270 184 1329 iu
201 1269 287 1327 bonis
307 1267 467 1327 amicitiam
488 1283 555 1324 esse
575 1285 636 1324 non
655 1285 761 1344 posse:
788 1286 886 1343 neque
903 1266 934 1324 id
952 1267 990 1325 ad
1006 1267 1107 1325 vivum

152 1373 267 1434 reseco,
286 1375 319 1420 ut
338 1363 392 1432 illi,
406 1363 457 1441 qui
474 1362 539 1420 base
560 1360 695 1423 subtilius
715 1360 871 1431 disserunt,
886 1360 1008 1420 sortasse
1024 1381 1105 1432 vere,
1124 1363 1127 1370 '

153 1458 208 1518 sed
219 1458 258 1516 ad
269 1477 459 1517 communem
469 1456 628 1515 utilitatem
639 1475 761 1536 parum:
779 1469 891 1534 negent
899 1456 995 1526 enim,
1006 1477 1107 1534 quem·

153 1575 244 1632 quam
260 1555 355 1612 virum
371 1555 484 1612 bonum
504 1573 580 1622 esse,
597 1553 654 1610 nisi
674 1552 849 1632 sapientem.
888 1553 936 1612 Sit
955 1554 997 1612 ita
1016 1573 1105 1625 sane,

152 1649 207 1708 sed
225 1669 291 1708 earn
308 1649 485 1727 sapientiam
502 1648 742 1725 interpretantur,
757 1668 847 1723 quam
864 1648 961 1706 adhue
978 1650 1107 1708 mortalis

151 1764 243 1802 nemo
264 1756 310 1804 est
330 1753 525 1808 consecutus:
549 1762 604 1800 nos
627 1755 726 1802 autem
748 1764 878 1822 ea,quae
901 1745 1019 1804 suntin
1041 1768 1105 1817 usu,

71 1831 74 1836 ’
151 1839 272 1916 vitaque
287 1838 454 1909 ¹communi,
475 1856 535 1896 non
552 1847 604 1907 ea,
621 1858 689 1915 quaa
711 1838 863 1916 finguntur
885 1853 935 1898 aut
959 1853 1105 1918 optantur,

151 1947 289 2012 spectare
303 1933 457 1992 debemus.
498 1932 661 2010 Nunquam
678 1933 860 2011 egodicam,
875 1934 911 1994 G.
922 1935 1105 2006 Fabricium,

151 2027 970 2109 M'.Ourium,T.Oorunoanium,quossapientesnostri
980 2031 1105 2108 majores

152 2123 336 2202 judicabant,
352 2121 390 2180 ad
404 2123 530 2182 istorum
544 2142 680 2181 normam
693 2123 785 2182 fuisse
802 2125 959 2203 sapientes.
1000 2126 1105 2197 Quare

151 2217 208 2277 sibi
217 2219 346 2276 habeant
358 2217 513 2296 sapientias
526 2237 635 2276 nomen
649 2229 681 2276 et
695 2218 871 2276 invidiosum
886 2232 915 2278 et
928 2221 1086 2282 obscurum
1094 2245 1102 2293 ;

150 2313 322 2394 concedant,
334 2325 370 2382 vut
382 2311 493 2370 hibeni
507 2312 563 2370 viri
577 2312 693 2374 fuerint.
735 2311 785 2370 Ne
799 2311 830 2370 id
842 2313 963 2390 quidem
978 2314 1102 2374 facient:

148 2407 355 2490 negabunt'id
376 2408 434 2466 nisi
457 2407 584 2486 sapienti
607 2428 695 2486 posse
720 2407 853 2466 concedi.
903 2413 948 2466 19.
968 2410 1103 2486 Agamus

149 2503 366 2582 igitur'pingui
383 2502 529 2573 Minerva,
547 2515 581 2562 ut
601 2503 689 2565 aium
731 2503 854 2574 Quina
873 2523 905 2562 se
930 2517 1045 2582 gerunt,
1063 2505 1105 2563 ita

147 2599 260 2670 vivunt,
274 2612 306 2658 ut
322 2619 425 2658 eorum
443 2599 588 2677 probetur
603 2597 686 2666 fides,
701 2598 866 2676 integritas,
880 2598 1013 2677 aequitas,
1027 2599 1103 2658 libe-

146 2695 266 2765 ralitas3
288 2714 344 2753 uec
359 2693 440 2752 sitin
455 2694 499 2753 eis
513 2695 576 2753 ulla
588 2694 735 2772 cupiditas
749 2695 797 2752 vel
806 2694 900 2753 libido
910 2697 958 2753 vel
969 2694 1103 2767 audacia,

146 2790 265 2867 sintque
283 2809 390 2868 magna
406 2789 578 2859 constantia,
593 2802 625 2848 ut
641 2789 663 2848 ii
675 2790 801 2861 firerunt,
816 2790 905 2849 modo
919 2812 993 2868 quos
1010 2793 1104 2850 nomi-

145 2885 234 2956 navi3
256 2885 309 2943 bos
319 2885 397 2944 viros
408 2886 512 2954 bonos,
521 2897 553 2943 ut
562 2885 655 2943 habiti
665 2898 741 2955 sunt,
750 2885 793 2944 sio
804 2886 895 2944 etiarn
910 2887 1104 2967 appellandos

144 2993 305 3059 putemus;
327 2981 398 3058 quia
413 2991 585 3057 sequantur,
599 2993 743 3056 quantum
757 2980 891 3040 homines
908 2995 1040 3060 possunt,
1054 3002 1104 3042 na-

145 3087 254 3145 turam,
277 3075 419 3154 optimam
442 3075 520 3134 bene
542 3074 661 3133 vivendi
682 3075 798 3135 ducem.
848 3076 900 3135 Sic
927 3077 1008 3136 enim
1031 3078 1104 3136 mihi

130 3167 319 3248 ‘perspicere
333 3169 445 3240 videor,
459 3169 502 3228 ita
510 3182 601 3234 ,natos
617 3190 758 3241 essenos,
773 3184 806 3230 ut
818 3171 895 3229 inter
909 3192 1012 3230 ornnes
1025 3185 1104 3231 esset

143 3264 274 3324 societas
286 3265 440 3342 quaedam:
457 3266 558 3344 ⁴major
572 3277 681 3335 autem,
692 3267 859 3344 utquisque
870 3267 1006 3345 proxime
1020 3285 1103 3324 acce-

142 3359 241 3418 deret.
283 3360 389 3438 Itaque
406 3361 487 3420 cives
501 3361 632 3439 potiores
645 3382 735 3438 quam
752 3360 921 3440 peregrini3
942 3360 1103 3440 propinqui

141 3475 236 3533 qnam
248 3454 338 3512 alieni
350 3478 357 3514 z
375 3456 499 3516 cumbis
514 3456 594 3515 enim
605 3456 767 3516 amicitiam
778 3468 884 3514 natura
893 3455 960 3532 ipsa
969 3455 1101 3532 peperit;

140 3549 197 3610 sed
215 3569 252 3607 ea
271 3569 330 3608 non
350 3550 422 3609 satis
439 3551 528 3610 habet
544 3551 700 3610 firmitatis.
748 3550 889 3626 Namque
906 3550 963 3607 hoo
983 3562 1102 3626 praestat

140 3644 276 3704 amicitia
296 3645 518 3724 propinquitati,
533 3646 612 3724 quod
629 3666 668 3704 ex
684 3643 908 3725 propinquitate
924 3644 1100 3703 benevolen-

138 3741 182 3799 tia
199 3739 264 3798 tolli
281 3751 389 3815 potest,
403 3760 442 3799 ex
460 3740 590 3800 amicitia
609 3761 668 3800 non
686 3751 800 3818 potest:
821 3739 937 3797 sublata
953 3739 1033 3798 enim
1050 3740 1100 3798 be-

137 3833 323 3903 nevolentia,
335 3834 472 3894 amicitiae
489 3855 599 3894 nemen
615 3835 733 3906 tollitur,
745 3832 973 3913 propinquitatis
990 3849 1100 3897 manet.
