2664 4508
184 293 205 356 8
410 303 444 346 n.
461 301 670 346 rotomorum
689 301 771 346 cero
790 301 904 356 nenos,

183 457 233 498 me
250 455 404 496 censorem
420 447 556 494 mortuus
574 448 626 506 est,
643 455 750 495 novem
768 435 849 494 annis
865 447 934 515 post
951 457 1052 496 meum
1070 459 1138 498 con-

182 535 322 603 sulatum,
340 551 408 590 cum
430 533 533 590 consul
550 532 670 601 iterum,
687 553 737 592 me
760 534 889 600 consule,
908 547 1025 592 creatus
1050 549 1138 596 esset.

182 626 267 690 Num
280 628 380 707 igitur,
394 627 420 686 si
437 628 474 687 ad
492 629 685 687 centesimum
706 648 816 687 annum
832 628 962 699 vixisset,
977 631 1138 690 senectutis

184 744 254 785 eum
270 745 332 784 suae
345 725 524 804 poeniteretl
545 746 602 784 nec
617 724 696 782 enim
711 723 898 794 excursione,
913 745 969 782 nec
982 727 1067 796 saltu,
1082 747 1139 786 nec

184 819 411 891 eminushastis,
421 833 472 880 aut
482 820 646 880 comminus
660 819 765 899 gladiis
776 831 924 888 uteretur3
944 819 996 878 sed
1006 821 1138 890 consilio,

182 916 307 985 ratione,
324 916 478 976 sententia.
518 917 598 988 Qure
612 916 668 974 nisi
682 928 783 973 essent
797 915 827 972 in
842 915 972 984 senibus,
986 935 1045 973 non
1060 934 1139 974 sum·

183 1030 265 1068 nrum
280 1011 435 1070 consilium
451 1012 577 1091 majores
590 1010 683 1069 nostri
698 1012 897 1088 appellassent
911 1021 1048 1068 senatum.
1089 1017 1138 1068 20.

182 1107 275 1184 Apud
291 1106 538 1165 Lacedaemonios
554 1105 674 1184 quidem
690 1106 720 1174 ii,
736 1104 786 1182 qui
801 1107 1017 1184 amplissimum
1031 1107 1137 1184 magis-

182 1214 289 1261 tratum
303 1217 419 1282 gerunt,
429 1217 460 1262 ut
473 1216 551 1272 sunt,
560 1203 601 1260 sic
613 1203 703 1260 etiam
713 1201 904 1283 nominantur
916 1222 1010 1259 senes.
1045 1200 1137 1272 Quod

182 1299 208 1358 si
222 1301 335 1378 legere,
348 1313 399 1358 aut
414 1300 517 1358 audire
532 1298 635 1356 voletis
650 1310 783 1366 externa,
794 1297 940 1356 maximas
954 1283 1138 1375 respublicas

183 1395 223 1455 ab
233 1395 472 1455 adolescentibus
482 1394 652 1463 labefactas,
663 1413 680 1452 a
693 1385 814 1452 senibus
828 1406 1005 1451 sustentatas
1016 1404 1046 1450 et
1055 1393 1137 1450 resti-

182 1503 259 1548 tutas
273 1491 440 1570 reperietis.

187 1584 273 1652 Oedo,
285 1587 336 1661 qul
350 1595 473 1642 vestram
486 1584 693 1660 rempublicam
706 1595 819 1643 tantam
832 1585 973 1643 amisistis
987 1595 1048 1643 tam
1061 1585 1138 1642 cito?

183 1679 235 1736 Sic
250 1679 330 1736 enim
341 1692 562 1758 percontantur,
574 1693 606 1737 ut
617 1693 662 1738 est
676 1680 706 1738 in
718 1680 818 1740 Naevii
830 1679 937 1740 Ludo:
958 1680 1138 1760 responden-

183 1786 232 1832 tur
245 1787 276 1831 et
290 1775 358 1843 alie,
374 1787 404 1832 et
417 1775 474 1832 hoc
488 1775 518 1832 in
533 1775 654 1853 primis:
849 1845 860 1854 ,-

280 1869 494 1928 Proveniebant
505 1881 631 1928 oratores
643 1871 719 1940 novi,
733 1872 1039 1944 stadti,cdolescentuli.

185 1963 353 2024 Temeritas
374 1976 420 2024 est
434 1957 573 2026 videlicet
592 1966 721 2026 florentis
742 1967 844 2038 aetatis,
862 1966 1022 2044 prudentie
1038 1988 1137 2026 senes-

184 2062 287 2120 centis.

223 2251 297 2313 VII.
319 2259 368 2314 21.
386 2255 427 2315 At
443 2257 586 2316 memoria
606 2252 910 2324 minumus-Credo,
924 2255 981 2314 nisi
997 2276 1064 2314 eam
1085 2276 1137 2314 ex·

183 2369 293 2420 erceas,
309 2364 359 2410 aut
378 2351 460 2412 slsis
480 2367 585 2414 natura
603 2353 723 2411 tardior.
766 2351 985 2410 Themistocles
1006 2351 1137 2409 omnium

183 2444 292 2505 civium
301 2461 482 2525 perceperat
494 2448 632 2505 nomina:
652 2467 721 2504 num
732 2447 823 2524 igitur
836 2447 963 2505 censetis
978 2466 1057 2515 eum,
1069 2467 1137 2504 cum

182 2553 271 2599 aetate
286 2541 486 2619 processisset,
501 2542 552 2618 qui
568 2542 715 2601 Aristides
730 2556 819 2614 esset,
835 2543 1049 2619 Lysimachum
1063 2543 1137 2600 salu·

182 2645 247 2694 tare
260 2633 397 2693 solituml
431 2623 583 2712 Equidem
594 2657 653 2695 uon
665 2637 755 2696 modo
769 2658 821 2696 eos
834 2638 912 2706 novi,
922 2637 972 2715 qui
984 2650 1065 2708 snnt;
1084 2636 1137 2694 sed

182 2751 287 2790 eorum
299 2742 399 2808 patres
414 2729 554 2798 etiamst
569 2752 646 2791 avos.
689 2733 756 2791 Nec
770 2735 906 2811 sepulcra
917 2735 1020 2812 legens
1032 2753 1139 2791 vereor

184 2824 276 2904 (quod
299 2824 402 2900 aiunt),
420 2845 458 2883 ne
478 2827 650 2890 memoriam
671 2829 815 2908 perdam:
836 2828 883 2885 his
905 2829 984 2886 enim
1005 2827 1076 2907 ipsis
1096 2829 1136 2885 le-

183 2920 287 3002 gendis
302 2921 333 2978 in
347 2921 521 2979 memoriam
535 2922 628 2980 redeo
641 2937 834 2981 mortuorum.
874 2923 942 2982 Nec
953 2944 1024 2982 vero
1035 2943 1136 3001 quem-

183 3035 273 3094 quam
283 3035 388 3074 senum
401 3015 499 3074 audivi
511 3009 643 3087 oblitum,
653 3039 712 3094 quo
722 3019 788 3076 loco
799 3018 970 3076 thesaurum
982 3018 1136 3076 obruisset.

182 3112 301 3181 Omnia,
319 3132 385 3188 quae
407 3124 517 3180 curant,
535 3113 751 3172 memineruntt
772 3113 940 3173 vadimonia
961 3114 1135 3181 constituts3

183 3207 237 3286 qui
254 3207 320 3276 sibi,
335 3207 383 3266 cui
400 3207 457 3285 ipsi
475 3207 613 3265 debeant.
653 3214 701 3266 22.
720 3207 802 3278 Quid
819 3209 1038 3288 jurisconsulti,
1064 3209 1136 3287 quid

182 3303 349 3384 pontifices,
371 3300 443 3380 quid
471 3321 610 3380 augures,
634 3303 705 3379 quid
730 3304 899 3382 philosophi
916 3307 1026 3364 senesl
1048 3325 1137 3383 quem

183 3402 277 3458 multa
293 3397 507 3457 meminerunt!
550 3398 674 3456 Manent
688 3399 808 3478 ingenia
826 3401 954 3470 senibus,
969 3402 1059 3458 modo
1072 3421 1138 3479 per·

184 3509 301 3552 maneat
320 3495 451 3554 studium
468 3507 498 3553 et
515 3494 679 3554 industria:
701 3515 758 3554 nec
779 3515 815 3553 ea
834 3498 930 3554 solum
947 3497 977 3554 in
999 3497 1086 3554 claris
1107 3507 1138 3551 et

183 3589 332 3648 honoretis
349 3591 427 3659 viris,
444 3592 496 3650 sed
515 3591 544 3648 in
559 3591 618 3651 vita
639 3592 729 3650 etiam
746 3593 863 3672 privata
883 3605 914 3650 et
931 3591 1041 3669 quiete.
1082 3587 1137 3644 So-

183 3682 306 3762 phocles
327 3687 365 3744 ad
384 3707 531 3759 summam
552 3702 737 3750 senectutem
758 3687 919 3769 tragoedias
939 3685 1029 3744 fecit:
1057 3680 1138 3760 quod
