2698 4508
192 449 236 514 04
538 457 570 499 ιι.
587 457 616 497 ι’.
634 453 795 496 clamosis

193 598 288 682 probi.
330 593 395 652 Neo
406 591 461 648 boc
475 598 535 644 tam
548 605 581 643 re
595 597 648 652 est,
659 603 748 661 quam
759 581 839 640 dictu
850 581 1036 660 inopinatum
1053 594 1141 660 atque

193 691 336 754 mirabile.
376 684 446 744 Non
465 680 544 738 enim
558 679 599 738 ita
612 679 715 736 dicunt
732 697 784 736 eos
802 695 868 735 esse
885 697 995 748 servos,
1011 690 1043 736 ut
1059 697 1141 735 man·

193 786 279 864 cipio,
297 801 363 860 qum
382 788 448 837 sunt
467 775 655 834 dominorum
675 775 754 834 sacta
774 795 863 844 nexu,
883 785 936 832 'aut
956 774 1056 852 aliquo
1071 775 1142 852 jure

191 879 290 940 civili:
320 874 384 944 sed,
407 872 432 930 si
455 868 581 930 servitus
612 871 657 941 sit,
682 871 760 930 sicut
790 882 843 939 est,
865 867 1035 930 obedientia
1059 868 1144 928 fracti

191 971 280 1034 animi
300 982 387 1046 atque
408 966 515 1045 abjecti
531 975 566 1024 'et
590 966 712 1025 arbitrio
732 965 859 1025 carentis
881 985 944 1034 suo,
960 965 1025 1042 quis
1044 977 1143 1044 neget,

190 1085 293 1128 omnes
316 1065 406 1133 leves,
423 1081 526 1122 omnes
555 1062 689 1142 cupidos,
706 1081 811 1122 omnes
835 1061 965 1139 denique
987 1060 1144 1140 improbos,

190 1179 256 1220 esse
270 1158 393 1218 servosl

230 1351 272 1410 ΙΙ.
293 1354 340 1408 36.
358 1351 408 1409 An
419 1350 469 1410 ille
481 1349 553 1408 mihi
563 1349 649 1420 liber,
662 1351 710 1409 oui
722 1351 831 1410 mulier
841 1349 986 1429 imperati
1004 1350 1051 1408 nui
1061 1349 1145 1428 leges

105 1483 109 1491 ·
191 1445 326 1524 imponit,
344 1446 515 1524 praescribit,
529 1446 626 1524 jubet,
644 1457 730 1514 vetat,
748 1445 826 1522 quod
843 1445 982 1502 videturi
1006 1439 1057 1522 qui
1073 1445 1146 1502 nihil

191 1539 346 1620 imperanti
366 1559 479 1618 negare
500 1551 605 1618 potest,
620 1540 692 1596 nihil
712 1558 852 1597 recusare
873 1539 984 1598 audetl
1025 1537 1145 1610 Poscit;

192 1635 323 1696 dandum
337 1645 509 1704 estivooat3
524 1633 719 1692 veniendum:
738 1634 832 1712 ejicit;
846 1615 1036 1692 ‘abeundum
1055 1635 1147 1692 minn-

192 1743 240 1790 tur
246 1754 253 1802 ;
272 1729 538 1788 extimescendum.
578 1729 648 1806 Ego
660 1747 729 1786 vero
739 1729 826 1786 istum
841 1750 900 1788 non
915 1729 1005 1788 modo
1020 1749 1147 1800 servum,

193 1826 247 1912 sed
262 1825 477 1904 nequissimum
493 1841 621 1893 servum,
637 1823 727 1883 etiam
747 1824 772 1882 'si
789 1825 819 1882 in
837 1825 1019 1904 amplissime
1034 1823 1149 1884 familia

192 1935 280 1982 natus
297 1922 344 1991 sit,
359 1920 570 2001 appellandum
585 1919 667 1999 puto,
707 1921 807 1999 Atque
823 1933 855 1980 nt
868 1920 899 1979 in
915 1937 1024 2000 magna
1037 1919 1150 1980 familia

193 2029 262 2076 tunt
277 2018 326 2076 alii
336 2016 487 2088 lautiores,
501 2015 535 2075 ui
548 2017 604 2075 sibi
615 2016 762 2088 videntur,
777 2017 866 2088 servi,
878 2019 934 2096 ,sed
948 2031 1047 2077 temen
1061 2017 1149 2088 servi,

193 2112 236 2172 ιὶο
256 2113 278 2172 ἱί
299 2113 365 2193 peri
387 2112 510 2172 stultitia
534 2125 611 2183 sunt,
629 2133 703 2192 quos
730 2113 822 2192 signa,
838 2133 914 2192 quos
937 2115 1057 2187 tabulae,
1077 2129 1151 2192 quo's

195 2209 331 2268 caelatum
354 2221 520 2288 argentum,
534 2226 609 2286 quoe
628 2209 784 2268 Corinthia
806 2231 907 2290 opera,
925 2231 998 2289 quos
1023 2211 1151 2270 aedificia

194 2305 354 2384 magnilica
376 2305 467 2364 nimio
491 2324 580 2384 opere
604 2304 765 2364 delectant.
816 2307 858 2364 At
880 2325 985 2375 snmus,
1003 2305 1150 2385 inquiunt,

195 2402 323 2458 civitatis
334 2402 488 2478 principes.
528 2399 594 2458 Vos
609 2420 679 2458 vero
691 2421 731 2458 ne
746 2413 900 2458 servorum
912 2401 1032 2478 quidem
1043 2415 1151 2460 vestro·

195 2513 262 2554 rum
282 2495 432 2574 principes
453 2495 530 2554 estis.
577 2499 624 2554 37.
646 2495 708 2553 Sed
724 2506 757 2553 ut
774 2495 803 2552 in
821 2480 941 2566 familie,
957 2496 1008 2573 qni
1024 2509 1152 2557 tractant

195 2587 261 2654 iste,
279 2586 330 2663 qui
352 2601 478 2670 tergunt,
497 2591 549 2669 qui
569 2602 694 2670 ungunt,
712 2591 762 2669 qui
782 2605 912 2662 verrunt,
928 2593 978 2671 qui
997 2609 1151 2674 spargunt,

195 2699 257 2739 non
268 2680 506 2744 honestissimum
517 2687 617 2746 locum
631 2686 779 2746 servitutis
792 2699 913 2747 tenent:
931 2688 973 2747 sic
984 2689 1013 2747 in
1025 2691 1151 2762 civitate,

197 2773 248 2852 qui
262 2793 295 2831 se
308 2774 431 2833 istarum
445 2795 546 2837 rerum
561 2781 772 2861 cupiditatibus
784 2773 971 2855 dediderunt,
983 2785 1075 2864 ipsius
1090 2807 1151 2846 ser·

196 2869 297 2928 vitulis
315 2869 415 2927 looum
438 2891 524 2949 paene
545 2874 679 2935 infimum
704 2878 847 2939 obtinent.
897 2881 1024 2957 Magno,
1046 2882 1151 2960 inquit,

197 2964 274 3024 della
288 2965 386 3042 gessi:
410 2969 527 3041 magnis
543 2971 673 3047 imperiis
690 2984 717 3032 et
729 2976 891 3050 proviaciis
904 2978 1023 3056 prefui.
1068 2980 1152 3042 Gere

197 3060 290 3152 igitur
300 3061 431 3120 animum
439 3059 528 3120 lande
538 3064 670 3144 dignum.
701 3067 842 3130 Echionis
854 3073 953 3132 tabula
961 3087 990 3132 te
1002 3075 1153 3154 stupidum

199 3156 322 3227 detinet,
338 3169 388 3216 aut
408 3156 527 3235 signum
544 3160 665 3237 aliquod
679 3165 837 3244 Polycleti.
879 3169 978 3241 Mitto,
992 3172 1073 3230 unde
1091 3195 1153 3232 sus-

197 3252 310 3322 tuleris,
328 3262 359 3309 et
376 3252 524 3329 quomodo
540 3253 660 3316 habeas.
700 3261 870 3322 intuentem
890 3278 929 3336 te,
944 3267 1153 3340 admirantem,

199 3346 343 3404 clamores
353 3347 510 3408 tollentem
521 3369 613 3429 quum
624 3352 721 3424 video,
730 3375 844 3418 servum
856 3373 886 3420 te
898 3383 963 3422 esse
975 3363 1154 3446 ineptiarum

198 3441 330 3499 omnium
340 3443 453 3522 judioo.
491 3451 539 3506 38.
555 3447 655 3508 Nonae
665 3451 1041 3538 igitnrtnntirtofiestino?
1078 3461 1153 3520 Sint.

198 3536 279 3596 Nam
293 3557 348 3598 nos
363 3561 484 3620 qnoque
499 3545 600 3604 oculos
617 3545 747 3606 eruditos
761 3549 914 3611 habemus.
955 3555 1017 3613 Sed
1032 3557 1154 3614 obsecro

197 3643 237 3702 te,
248 3631 289 3691 ita
298 3649 424 3696 venusta
434 3639 600 3700 habeantur
613 3641 678 3714 ista,
689 3665 749 3703 non
763 3657 798 3703 ut
811 3645 931 3706 vincula
944 3649 1073 3708 virorum
1088 3651 1153 3719 sint,

199 3727 251 3786 sed
268 3739 301 3786 ut
324 3731 542 3794 obiectamenta
560 3756 730 3816 puerorum.
770 3739 854 3812 Quid
874 3743 954 3818 enim
974 3745 1101 3803 oensesl
1128 3744 1154 3802 si

200 3825 238 3886 L.
251 3823 415 3887 Mummius
436 3829 568 3907 aliquem
588 3835 713 3894 istorum
732 3833 858 3909 rideret,
874 3839 1076 3899 matellionem
1094 3839 1153 3900 Co·

422 4024 1077 4476 eii
