2664 4508
374 513 446 556 srvn
463 511 504 554 nr
523 509 791 554 autema—ear.
805 512 873 554 xm.
1060 497 1098 556 51

145 649 292 718 remittam
311 645 493 732 eaput-enlm
504 627 571 704 esse
583 643 619 704 ad
628 625 717 703 beate
726 643 886 702 vivendum
899 644 1100 713 securitatem,

145 765 203 823 qua
213 742 272 802 frui
282 761 341 800 noo
353 741 447 819 possit
461 739 586 808 animus,
598 741 623 796 si
632 752 784 816 tamqnam
798 740 944 817 parturiat
958 759 1033 798 unus
1049 761 1101 818 pro

125 865 127 870 ’
144 839 288 918 pluribus.
329 841 378 894 46.
396 835 480 893 Alios
495 848 595 893 autem
606 834 707 892 dicere
718 834 800 893 aiunt
814 837 907 893 multo
917 835 1006 893 etiarn
1017 836 1101 894 inhu-

145 935 260 993 manius
289 934 393 1010 (quem
416 933 516 988 locum
540 929 677 988 breviter·
697 930 983 1009 perstrinxi'paulm
1010 931 1101 1007 ante),

145 1028 276 1108 praesidii
301 1026 527 1105 adjumentique
555 1043 653 1096 causa,
676 1042 737 1083 non
761 1027 976 1085 benevolentias
1002 1046 1101 1106 neque

146 1124 276 1184 caritatis
296 1122 440 1182 amicitias
463 1139 529 1180 esse
550 1117 744 1199 expetendas.
785 1105 903 1199 Itaque,
921 1134 953 1179 ut
973 1122 1101 1199 quisque

144 1220 301 1279 minimum
317 1205 462 1276 notaui
478 1216 955 1292 habeat,·minimbmqneririt1m;
970 1217 1013 1274 ita
1029 1218 1101 1275 ami·

145 1316 230 1374 citias
245 1325 391 1392 appetere
404 1305 551 1371 maxime:
567 1327 613 1369 <ex
627 1329 664 1369 eo
677 1311 751 1381 lieri,
762 1324 795 1370 ut
808 1311 992 1394 mulierculae
1005 1313 1102 1389 magis

146 1411 343 1470 amicitiarum
358 1409 495 1488 praesidia
509 1419 651 1484 quaerant,
667 1425 757 1486 quam
771 1408 833 1477 viri,
849 1421 879 1466 et
893 1409 997 1487 inopes
1013 1429 1101 1486 quam

146 1505 286 1585 opulenti,
298 1517 328 1564 et
341 1504 506 1566 calamitosi
516 1523 605 1581 quam
619 1504 650 1574 ii,
661 1504 713 1580 qui
728 1493 871 1581 putantur
879 1505 967 1563 beati.
1009 1510 1056 1564 47.
1074 1503 1103 1563 Ο

145 1603 320 1680 praeclaram
343 1601 539 1678 sapientiam!
589 1599 693 1657 Solem
717 1599 795 1658 enim
819 1619 837 1658 c
860 1600 972 1658 mundo
994 1601 1103 1658 tollere

146 1697 292 1766 vidsnmr,
303 1697 353 1773 qui
368 1696 528 1754 amicitiam
543 1715 560 1754 e
573 1693 635 1753 vita
648 1695 756 1754 tollunt
767 1717 779 1754 s
795 1715 855 1773 qua
864 1694 937 1753 nihil
948 1717 966 1754 a
976 1695 1034 1754 diis
1048 1695 1102 1753 im·

50 1869 52 1872 Ι
146 1791 318 1854 mortalibus
342 1792 449 1850 melius
470 1792 624 1860 habemus,
645 1791 721 1878 nihil
735 1791 905 1870 jucundius.
955 1792 1033 1864 Quas
1059 1804 1104 1851 ast

145 1890 224 1947 enim
246 1889 303 1947 ista
323 1888 489 1947 securitasl
517 1887 621 1965 specie
642 1885 763 1964 quidem
783 1889 902 1958 blanda,
921 1888 976 1946 sed·
994 1907 1101 1968 reapse

145 1984 248 2042 multis
261 1983 335 2042 locis
350 1982 545 2062 repudianda.
586 1982 698 2060 Neque
715 1983 795 2041 enim
814 1997 860 2042 est
874 1997 1103 2044 consentaneum

145 2081 236 2141 ullam
250 2080 404 2138 honestam
418 2098 483 2136 rem
499 2078 693 2147 actionemve,
704 2098 743 2136 ne
756 2079 899 2137 sollicitus
913 2080 962 2148 sis,
979 2093 1104 2138 autnon

145 2175 306 2253 suscipere,
319 2186 370 2233 aut
384 2186 554 2253 susceptam
565 2172 727 2252 deponere.
769 2174 899 2246 Quod'
876 2193 901 2232 s1
912 2193 1014 2232 curam
1025 2175 1102 2252 fugi-

145 2289 222 2339 mus,
233 2268 329 2326 virtus'
338 2268 484 2347 fugienda
494 2279 546 2356 est,
558 2289 626 2346 quae
639 2285 766 2326 necesse
780 2280 825 2326 est
838 2289 905 2326 cum
920 2269 1019 2345 aliqua
1030 2281 1103 2327 cura

145 2379 193 2422 tes
216 2364 274 2420 sibi
296 2365 458 2422 contrarias
482 2349 658 2440 aspernetur
682 2375 771 2440 atque
793 2362 906 2432 oderit3
935 2376 967 2421 ut
986 2363 1102 2422 bonitas

146 2457 289 2516 malitiam
293 2457 508 2535 temperantia
517 2457 844 2536 hbrdmem,1gnaviam
855 2455 1004 2516 fortitudo.
1043 2457 1102 2516 Ita·

147 2573 207 2630 que
216 2552 320 2611 videas
332 2552 423 2610 rebus
434 2551 550 2631 injustis
558 2553 655 2631 justos
667 2553 799 2611 maxime
811 2553 924 2622 dolere,
933 2552 1103 2612 imbellibus

146 2645 247 2718 fortes,
258 2647 412 2727 flagitiosis
425 2647 585 2706 modestos.
625 2633 711 2725 Ergo
722 2649 779 2706 hoo
788 2647 942 2726 proprium
953 2661 998 2707 est
1013 2649 1103 2708 animi

146 2743 224 2801 bene
238 2743 397 2813 constituti,
413 2755 444 2800 et
457 2743 552 2800 laetari
565 2741 651 2800 bonis
665 2743 767 2814 rebus,
778 2755 808 2802 et
821 2743 925 2802 dolere
940 2744 1102 2803 contrariis.

146 2843 194 2896 48.
216 2838 422 2909 Quamobrem
443 2837 468 2896 si
490 2837 595 2896 cadit
586 2857 618 2895 m
639 2838 806 2916 sapientem
828 2839 918 2897 animi
936 2839 1019 2897 dolor
1039 2839 1103 2916 (qui
1200 2845 1205 2856 ’

146 2932 285 3012 profecto
295 2933 383 3003 cadit,-
381 2933 448 2992 nisi
460 2953 499 2992 ex
511 2933 577 3012 ejus
589 2933 688 2992 animo
693 2933 879 3022 extirpatum
887 2935 1103 2994 humanitatem
1156 2989 1159 2995 .

146 3028 345 3106 arbitramur),
359 3037 427 3107 qtrae
444 3032 534 3088 causa
551 3036 605 3099 est,
621 3037 675 3087 cnr
691 3029 850 3088 amicitiam
866 3029 999 3089 funditus
1019 3031 1103 3088 tolla·

145 3141 212 3181 mus
223 3143 241 3182 e
251 3123 321 3194 vita,
332 3144 370 3184 ne
382 3125 499 3202 aliquas
508 3133 633 3204 propter
642 3143 709 3184 eam
723 3126 921 3205 suscipiamus
931 3126 1102 3184 molestiasl

145 3218 230 3290 Quid
249 3218 329 3278 enim
350 3220 482 3290 interest,
499 3234 582 3280 motu
603 3220 694 3278 animi
714 3221 839 3292 sublato,
855 3241 915 3280 non
935 3220 1004 3280 dico
1024 3220 1103 3278 inter

143 3313 298 3378 hominem
315 3325 345 3373 et
360 3316 519 3394 pecudem,
537 3315 685 3375 sedlntet
699 3317 855 3376 hominem
870 3331 901 3375 et
920 3335 1036 3385 saxum,
1052 3327 1102 3373 aut

143 3401 294 3478 truncum,
305 3423 356 3470 aut
367 3410 485 3488 quidvls
495 3397 616 3490 generis
627 3396 786 3490 ejusdeml'
821 3411 935 3488 Neque
943 3411 1022 3469 enim
1033 3423 1101 3468 sunt

143 3503 192 3561 isti
209 3505 361 3575 audiendi,
375 3506 427 3584 qui
444 3505 586 3566 virtutem
603 3505 719 3575 duram,
738 3515 768 3566 et
786 3505 869 3583 quasi
886 3505 1014 3562 ferream
1034 3523 1101 3562 esse

145 3599 294 3677 quandam
310 3602 432 3662 velunt:
454 3613 519 3679 quae
537 3601 660 3680 quidem
677 3613 813 3670 osteum
831 3601 932 3658 moltis
948 3599 984 3657 in
999 3601 1100 3669 rebus,

142 3706 206 3754 tum
216 3694 248 3753 in
257 3695 397 3766 amicitia,
408 3709 514 3758 tenera
527 3709 616 3777 atque
629 3695 808 3756 tractabilis.
829 3708 861 3754 ut
872 3705 903 3753 et
913 3693 999 3755 bonis
1013 3695 1101 3755 amici

143 3790 228 3866 quasi
244 3785 456 3863 diffundanmt,
470 3797 508 3852 'et
518 3780 729 3886 incommodis
731 3777 948 3853 adunabantur.
985 3791 1099 3864 Quam·

143 3877 255 3943 obrem
261 3881 355 3964 angor
371 3887 437 3956 iste,
450 3887 506 3965 'qni
519 3907 573 3966 pro
590 3889 685 3947 amico
698 3875 779 3968 saepe
797 3885 958 3966 capiendus
972 3900 1025 3958 est,
1039 3907 1100 3946 non
