2664 4508
225 353 247 412 2
313 375 326 392 ν
455 365 489 408 u.
506 365 536 406 n.
553 361 717 406 cronacum
736 362 818 404 csro
837 359 950 406 ustos.

226 495 415 579 philosophia
435 495 553 576 poterit,
569 494 618 554 cui
637 493 688 573 qui
705 505 817 574 pereat,
835 511 924 552 omne
944 505 1065 572 tempus
1085 494 1183 554 aetstis

226 595 291 655 sine
306 593 441 654 molestia
454 591 546 672 possit
556 591 677 671 degere.
718 595 746 648 3.
763 588 825 648 Sed
836 589 875 647 dc
889 589 996 648 ceteris
1009 601 1040 648 et
1050 589 1182 648 diximus

225 691 330 759 multe,
347 702 379 748 et
398 709 479 768 saepe
501 687 651 746 dicemus:
677 686 758 744 bunc
776 685 886 743 librum
906 685 946 743 de
966 697 1121 744 senectuto
1144 684 1184 744 ed

226 797 258 844 te
279 783 424 844 misimus.
469 783 597 843 Omnem
621 793 720 844 autem
744 799 912 841 sermonem
936 781 1105 850 tribuimus,
1120 801 1183 840 non

228 879 367 951 Titliono,
381 892 414 938 ut
429 878 533 938 Aristo
558 879 632 940 Cius
652 899 659 949 ς
681 895 788 956 parum
806 875 887 936 enim
903 889 984 935 esset
1000 877 1183 938 auctoritatis

226 975 259 1035 in
271 974 390 1047 fabula3
412 973 466 1033 sed
480 973 523 1032 M.
533 972 644 1034 Catoni
657 971 731 1042 seni,
745 991 803 1048 quo
817 972 961 1051 majorem
975 971 1182 1032 auctoritatem

226 1070 352 1131 baberet
372 1069 475 1130 oratio.
512 1067 607 1149 Apud
621 1087 712 1146 quem
730 1067 859 1126 Laelium
877 1080 908 1126 et
924 1068 1096 1147 Scipionem
1113 1069 1181 1128 feci·

226 1187 293 1226 mnis
304 1165 494 1236 admirantes,
504 1163 583 1242 quod
593 1163 619 1221 is
629 1176 689 1222 tam
699 1162 788 1222 facile
799 1175 984 1222 senectutem
993 1163 1077 1234 ferat,
1085 1164 1182 1241 iimcc

228 1262 553 1342 eumrespondcutem.
593 1259 657 1331 Qui
667 1259 693 1319 si
703 1257 848 1318 eruditius
858 1257 1008 1318 videbitur
1018 1258 1180 1338 disputare,

229 1378 319 1436 quem
334 1357 486 1418 consucvit
498 1357 563 1437 ipse
577 1355 608 1415 in
621 1355 682 1414 suis
694 1353 788 1425 libris,
799 1353 951 1413 attribuito
961 1354 1077 1414 Graecis
1087 1355 1190 1428 literis,

227 1475 355 1533 quarum
378 1465 493 1513 constat
516 1471 586 1510 eum
609 1449 828 1529 perstudiosum
848 1448 944 1509 fuisse
965 1449 997 1508 in
1020 1463 1182 1510 senectute.

229 1547 290 1606 Sed
304 1549 377 1626 quid
390 1567 465 1626 opus
482 1557 528 1606 est
542 1545 651 1624 plural
666 1545 731 1624 jem
745 1545 826 1606 euim
839 1544 932 1624 ipsius
947 1544 1070 1604 Catonis
1083 1565 1183 1607 sermo

228 1642 391 1725 explicabit
403 1655 534 1702 nostram
549 1659 667 1700 omnem
682 1639 721 1700 de
732 1651 888 1700 senectute
901 1641 1089 1702 sententiam.

268 1833 310 1892 II.
332 1838 361 1892 4.
378 1833 493 1894 Semo.
514 1833 728 1912 Saepenumero
742 1831 881 1895 admont
894 1835 988 1905 soleo,
1000 1853 1069 1894 cum
1079 1835 1136 1894 hoc
1146 1834 1183 1895 0.

229 1927 336 1998 Laelio,
349 1941 414 2002 tum
428 1941 594 1988 ceterarum
608 1947 710 1987 rerum
723 1941 805 1988 tuem
819 1929 1028 1999 excellentem,
1041 1931 1085 1990 M.
1095 1931 1183 2002 Cato,

228 2023 451 2103 perfectamque
465 2023 650 2103 sapientiem,
659 2035 722 2106 tum
732 2026 782 2084 vel
791 2024 931 2096 maxime,
941 2025 1020 2102 quod
1031 2045 1183 2103 nunquam

229 2131 414 2180 senectutem
440 2119 495 2200 tibi
521 2139 644 2199 gravem
670 2139 737 2180 esse
762 2119 917 2214 senserim,
939 2141 1007 2198 quae
1029 2121 1183 2201 plerisque

228 2215 351 2275 senibus
371 2215 414 2277 sic
434 2215 538 2276 odiose
557 2228 610 2288 est,
628 2227 662 2301 ut
682 2235 758 2276 onus
778 2236 811 2275 se
827 2215 920 2276 AEtnc
943 2217 1063 2296 gravius
1083 2217 1184 2278 dicent

227 2311 383 2372 sustinere.
679 2363 682 2368 v

267 2407 365 2468 Osco.
385 2409 465 2468 Rem
480 2407 561 2468 baud
581 2427 662 2486 sene,
680 2406 784 2485 Scipio
804 2417 833 2465 et
851 2406 939 2478 Laeli,
957 2401 1107 2468 difficilem
1132 2407 1183 2468 ed-

227 2502 330 2560 mirari
346 2501 498 2561 videmini.
537 2501 659 2573 Quibus
676 2501 757 2558 enim
772 2501 846 2560 nihil
862 2503 955 2564 estin
972 2502 1045 2582 ipsis
1061 2503 1127 2582 opis
1143 2503 1184 2564 cd

226 2597 306 2656 bene
324 2595 471 2674 beateque
488 2595 657 2666 vivendum,
675 2595 711 2656 iis
727 2596 823 2656 omnis
839 2610 913 2658 aetas
929 2599 1029 2678 gravis
1046 2610 1110 2660 esti
1131 2599 1184 2677 qui

227 2704 329 2750 sutem
347 2692 447 2751 omnia
463 2692 543 2752 bons
559 2712 576 2750 a
595 2712 628 2752 se
645 2691 717 2772 ipsis
732 2705 846 2772 petunt,
863 2694 900 2754 iis
916 2694 990 2754 nibil
1007 2706 1106 2774 potest
1121 2715 1184 2755 me·

226 2787 290 2846 lum
306 2787 413 2858 videri,
427 2787 509 2866 quod
525 2799 637 2847 naturus
657 2787 819 2848 necessitas
839 2789 950 2850 efferat.
992 2791 1063 2863 Quo
1080 2791 1110 2849 in
1130 2811 1182 2870 ge·

226 2902 300 2944 nere
316 2896 361 2941 est
374 2882 405 2942 in
418 2882 521 2962 primis
542 2895 690 2954 senectus,
703 2903 794 2963 quam
809 2897 844 2944 ut
861 2885 1062 2965 adipiscantur
1078 2905 1182 2946 omnes

227 2990 339 3058 optent,
354 2978 482 3038 eandem
499 2991 641 3038 accusent
657 2979 816 3060 adeptam:
837 2992 920 3040 tenta
933 2994 977 3042 est
993 2981 1123 3042 stultitiae
1136 2981 1181 3040 in·

227 3073 391 3136 constantia
407 3087 497 3154 atque
510 3075 698 3155 perversitas.
739 3075 896 3155 Obrepere
913 3077 994 3136 aiunt
1011 3097 1079 3152 eam
1093 3077 1181 3136 citius

227 3189 315 3249 quem
330 3171 523 3251 putavissent.
563 3169 710 3242 Primum,
727 3170 793 3250 quis
813 3172 914 3250 coegit
934 3192 986 3232 eos
1002 3171 1110 3232 falsum
1126 3193 1180 3251 pu·

225 3266 314 3328 tarel
346 3265 416 3346 quid
440 3267 542 3327 eniml
572 3266 659 3338 citius
683 3265 890 3328 adolescentiae
917 3279 1066 3339 senectus,
1090 3287 1180 3345 quem
1283 3263 1287 3271 ’

224 3361 362 3442 pueritiae
377 3361 579 3424 adolescentia
592 3361 728 3441 obrepitl
768 3362 898 3434 Deinde,
907 3363 959 3443 qul
969 3361 1067 3423 minus
1080 3362 1180 3443 gravis

225 3471 304 3536 esset
324 3458 362 3519 iis
386 3471 537 3530 senectus,
559 3457 586 3518 si
609 3457 888 3536 octingentesimum
911 3479 1022 3522 aunum
1047 3472 1179 3539 agerent,

225 3574 314 3631 quam
326 3554 560 3635 octogesimuml
597 3553 756 3630 Praeterito
770 3554 850 3614 enim
870 3567 952 3626 aetss,
965 3555 1100 3633 quamvis
1116 3555 1180 3612 lou·
1203 3587 1205 3593 ι

224 3668 274 3726 ga,
288 3671 357 3710 cum
373 3651 545 3726 effluxisset,
558 3653 642 3714 nulla
657 3652 860 3712 consolatione
877 3652 1068 3733 permulcere
1078 3659 1179 3726 posset

225 3745 344 3804 sutum
365 3759 559 3810 senectutem.
606 3753 636 3808 ὀ.
657 3747 812 3834 Quocircs
832 3748 857 3808 si
878 3744 1056 3826 sapientiam
1080 3760 1176 3804 meam
