2664 4508
414 343 485 384 stru
503 344 544 386 nr
562 345 869 390 nascerere-car.
885 348 941 393 ιιι.
1114 338 1152 398 ts

201 473 305 543 oetads,
319 473 345 531 si
359 473 481 550 quidem
495 473 526 532 id
541 475 638 534 aufert
649 475 745 548 nobis,
755 477 835 555 quod
849 491 895 538 est
909 479 939 538 in
953 479 1154 542 adolescentia

200 568 433 628 vitiosissimum!
474 570 615 649 Accipite
631 571 721 643 enim,
732 572 837 651 optimi
850 574 1062 648 adolescentes,
1071 591 1153 638 rete·

183 682 263 721 rem
290 663 454 723 orationem
471 665 614 744 Archytae
634 665 797 738 Tarentini,
815 669 916 764 magni
939 669 971 728 in
993 672 1098 750 primis
1121 686 1153 733 et

198 758 335 836 preclari
348 758 413 829 viri,
427 780 494 837 quae
507 760 581 820 mihi
593 762 700 820 tradita
713 776 768 834 est,
783 783 851 822 cunt
864 784 962 824 essem
979 765 1152 828 adolescens

201 851 325 913 Tarenti
342 874 411 913 cum
425 855 465 926 Q.
474 855 620 916 Maximo.
662 857 785 916 Nullem'
804 857 1008 938 capitaliorem
1023 873 1150 940 pestem,

199 970 289 1029 quam
311 953 444 1032 corporis
465 953 663 1033 voluptatem,
678 954 847 1014 homiuibus
868 955 987 1016 dicebat
1007 975 1024 1015 a
1045 970 1151 1016 natura
1216 1034 1218 1036 Ι

131 1099 135 1102 .
199 1045 313 1106 datam:
332 1048 418 1125 cujus
426 1048 586 1127 voluptatis
598 1048 693 1108 eridae
701 1049 841 1110 libidines
849 1064 960 1111 temere
970 1063 1000 1111 et
1008 1053 1150 1112 elirenme

198 1141 238 1200 ad
247 1141 426 1219 potiundam
436 1141 639 1206 incitarentur.
679 1147 728 1202 40.
746 1143 828 1202 Hinc
840 1145 944 1224 patriae
957 1146 1150 1225 proditiones,

197 1236 268 1296 hino
278 1237 567 1316 rerumpublicarum
577 1237 757 1308 eversiones,
766 1239 836 1298 hinc
847 1259 916 1298 cum
923 1241 1058 1302 hostibus
1071 1243 1151 1301 clan-

197 1330 315 1390 destina
334 1331 484 1409 colloquia
502 1331 602 1404 nesci;
617 1333 743 1398 ,nullum
764 1333 892 1410 denique
911 1337 1019 1406 scelus,
1036 1337 1151 1396 nullum

196 1429 308 1486 malum
330 1425 446 1486 facinus
469 1446 546 1498 esse,
564 1427 603 1490 ad
625 1427 706 1504 quod
730 1428 953 1508 suscipiendum
975 1450 1035 1488 non
1056 1430 1151 1490 libido

196 1523 356 1602 voluptatis
372 1522 558 1602 impelleret3
579 1535 684 1601 stupra
700 1542 782 1593 vero,
799 1535 830 1582 et
846 1523 998 1595 adulteria,
1015 1537 1047 1584 et
1062 1546 1151 1585 omne

195 1621 255 1678 tale
266 1618 423 1697 flagitium,
431 1617 519 1676 nullis
532 1617 657 1676 excitari
671 1617 736 1676 aliis
750 1609 907 1689 illecebris,
917 1619 974 1678 nisi
982 1620 1149 1699 voluptatis.

197 1714 336 1792 Cumque
352 1711 466 1772 bomini
486 1712 549 1772 sive
569 1725 686 1784 natura,
703 1713 766 1772 sive
782 1713 848 1791 quis
864 1713 939 1773 deus
958 1714 1033 1773 nihil
1050 1729 1150 1774 mente

196 1809 393 1889 praestabilius
410 1807 561 1880 dedisset;
585 1808 654 1866 huic
671 1808 773 1868 divino
792 1809 909 1868 muneri
927 1829 961 1870 ac
978 1809 1058 1868 dono
1078 1811 1150 1870 nihil

196 1907 265 1964 esse
285 1917 347 1963 tam
366 1905 532 1975 inimicum,
549 1923 640 1985 quam
661 1905 855 1983 voluptatem.
905 1909 954 1964 41.
976 1906 1044 1965 Nec
1068 1905 1150 1964 enim

196 1997 319 2062 libidine
327 2003 496 2062 dominante
504 2001 710 2080 temperantiae
718 2003 818 2061 locum
828 2021 906 2074 esse;
921 2021 1021 2080 neque
1030 2002 1150 2062 omnino

195 2096 227 2155 in
240 2098 399 2176 voluptatis
410 2117 506 2176 regno
518 2097 659 2156 vinutem
672 2117 763 2175 posse
778 2097 947 2156 consistere.
987 2097 1149 2176 Quodque

195 2195 290 2272 magis
303 2193 430 2272 intelligi
442 2203 555 2272 posset,
568 2191 682 2270 fingere
700 2191 798 2250 animo
810 2192 938 2269 jubebat
950 2204 1033 2250 tanta
1046 2192 1149 2252 incita·

195 2300 260 2346 tum
284 2286 413 2364 aliquem
435 2287 586 2364 voluptate
610 2283 753 2363 corporis,
776 2295 888 2361 quanta
909 2284 1025 2362 percipi
1047 2299 1150 2362 posset

194 2380 341 2444 maxima:
362 2382 476 2440 nemini
487 2381 630 2441 censebat
638 2378 704 2438 fore
715 2377 848 2448 dubium,
858 2377 930 2456 quin
944 2377 1068 2448 tamdiu,
1077 2379 1150 2438 dum

194 2479 235 2539 ita
248 2478 402 2558 gauderet,
416 2478 490 2536 nihil
504 2475 618 2556 agitare
632 2487 743 2546 mente,
757 2474 830 2533 nihil
843 2473 967 2544 ratione,
980 2473 1054 2533 nihil
1067 2474 1148 2553 cogi·

193 2575 305 2634 tatione
319 2573 459 2652 consequi
470 2583 579 2652 posset.
620 2571 773 2645 Quocirca
784 2569 858 2628 nihil
868 2589 934 2629 esse
948 2583 1009 2629 tam
1020 2569 1147 2630 detesta-

191 2670 394 2748 bile,tamque
408 2669 592 2750 pestiferum,
601 2689 690 2747 quam
700 2669 902 2758 voluptatem:
924 2667 950 2727 si
963 2667 1086 2747 quidem
1100 2689 1146 2739 ea,

192 2785 261 2826 cum
274 2767 371 2847 major
384 2775 464 2826 esset
473 2775 566 2843 utque
577 2765 704 2843 longior,
715 2784 804 2824 omne
819 2763 910 2823 animi
920 2766 1023 2823 lumen
1037 2765 1147 2824 exstin-
1237 2827 1243 2838 ,

192 2874 306 2942 gueret.
347 2862 426 2922 Haec
440 2881 508 2920 cum
523 2859 684 2946 &Tertio
695 2860 840 2931 Samnite,
854 2871 939 2939 petre
956 2861 1029 2940 ejus,
1044 2881 1063 2919 a
1076 2881 1145 2939 quo,

191 2958 330 3018 Caudino
342 2957 458 3037 proelio,
472 2956 526 3036 sp.
534 2941 718 3026 Postumius,
731 2954 928 3028 T.Veturius,
938 2957 1085 3027 consules,
1096 2978 1144 3017 su·

190 3053 289 3134 parati
299 3067 375 3125 sunt,
383 3054 516 3113 locutum
523 3052 698 3131 Archytam,
708 3052 865 3111 Nearchus
876 3051 1065 3122 Tarentinus,
1077 3051 1144 3111 hos·

189 3171 246 3230 pes
265 3163 376 3220 noster,
394 3149 493 3228 quiin
514 3148 644 3208 amicitia
662 3146 769 3228 populi
785 3147 914 3206 Romani
930 3149 1155 3227 permanserat,

190 3265 224 3306 se
246 3266 263 3305 a
282 3233 444 3326 majoribus
467 3258 539 3305 natu
562 3245 712 3326 accepisse
733 3244 861 3316 dicebat,
878 3265 948 3304 cum
970 3243 1092 3323 quidem
1114 3243 1144 3302 ei

190 3341 323 3401 sermoni
339 3343 520 3402 interfuisset
536 3342 627 3402 Plato
643 3342 853 3402 Atheniensis:
874 3359 963 3418 quem
978 3340 1143 3398 Tarentum

188 3436 316 3508 venisse,
334 3438 372 3497 L.
386 3437 522 3510 Camillo,
542 3437 644 3518 Appio
664 3436 801 3505 Claudio,
818 3434 998 3503 consulibus,
1014 3431 1142 3510 reperio.

189 3535 238 3591 42.
256 3531 394 3604 Quorsus
403 3534 486 3593 haec'l
521 3533 565 3593 Ut
575 3530 754 3610 intelligatis,
762 3530 789 3587 si
796 3528 976 3606 voluptatem
989 3528 1143 3606 aspernari

188 3627 303 3687 ratione
328 3641 360 3688 et
382 3628 528 3708 snpientia
549 3648 609 3687 non
632 3643 796 3706 possemus,
817 3641 955 3700 magnam
976 3622 1142 3682 habendam

187 3723 337 3785 senectuti
357 3724 494 3805 gratiam,
512 3745 579 3802 quee
599 3718 741 3790 effecerit,
758 3732 792 3778 ut
806 3717 837 3777 id
853 3737 912 3778 non
928 3718 1044 3790 liberet,
1063 3759 1065 3769 ·
