2664 4508
412 470 483 515 srva
499 470 540 514 ea
561 470 830 515 nutriris-cnr.
843 471 955 526 m.,1v.
1117 453 1161 518 da

211 625 287 675 rere,
296 616 394 664 tamen
407 603 509 662 aufert
522 622 590 661 eam
602 601 790 671 viriditatem,
799 602 899 680 inqua
912 604 1003 662 etiam
1016 616 1085 664 tunc
1099 617 1164 664 erat

208 700 330 779 Scipio..
364 703 410 758 12.
430 699 637 771 Quamobrem
656 698 718 756 vite
737 697 858 776 quidem
877 698 945 757 talis
961 697 1026 769 fuit,
1040 701 1089 758 vel
1105 699 1163 758 for·

211 807 292 864 tuna,
303 797 352 854 vel
367 794 470 872 glorie,
480 807 514 852 ut
526 793 599 852 nihil
610 805 711 872 posset
725 793 884 852 enomere:
902 794 1050 854 moriendi
1062 808 1165 855 eutem

211 907 332 948 sensum
349 877 485 948 celeritas
502 887 639 958 abstulit;
660 887 774 965 quode
796 907 907 966 genere
925 889 1029 948 mortis·
1043 889 1165 950 difficile

212 984 293 1043 dictu
307 996 370 1054 est3
393 983 463 1061 quid
476 983 612 1042 homines
626 981 821 1060 suspicentur,
830 983 943 1042 videtis.
984 985 1055 1044 Hoc
1067 997 1165 1044 tamen

211 1099 282 1138 rere
289 1063 363 1136 'licet
373 1078 484 1150 dicere,
493 1077 530 1136 P.
540 1077 682 1155 Scipioni,
693 1097 733 1136 ex-
747 1079 846 1136 multis
855 1078 971 1150 diebus,
982 1099 1056 1158 quos
1063 1081 1094 1139 in
1104 1081 1166 1140 vita

210 1173 423 1232 celeberrimos
430 1171 653 1248 laetissimosque
660 1171 778 1242 viderit,
786 1173 871 1231 illum
880 1174 960 1233 diem
968 1175 1165 1235 clarissimum

211 1267 315 1336 fuisse,
325 1286 403 1336 cum,
413 1277 519 1325 senatu
530 1265 661 1336 dimisso,
671 1266 793 1325 domum
807 1267 948 1326 reductus
960 1269 997 1326 ad
1007 1288 1166 1348 vesperum

162 1399 165 1406 ·
214 1373 258 1420 est
267 1382 284 1420 a
293 1361 426 1439 patribus
437 1360 618 1438 conscriptis,
629 1362 743 1440 populo
751 1363 898 1432 Romano,
907 1361 994 1420 sociis
1004 1376 1035 1422 et
1043 1364 1165 1435 Latinis,

211 1455 307 1534 pridie
330 1475 421 1532 quam
443 1455 574 1514 excessit
595 1475 613 1513 e
634 1455 713 1514 vita:
739 1468 772 1514 ut
791 1476 831 1515 ex
851 1469 912 1515 tam
933 1458 993 1516 alto
1013 1457 1166 1536 dignitatis

211 1550 306 1630 gradu
327 1550 365 1608 ad
382 1569 506 1629 superos
522 1549 659 1611 videatur
675 1551 749 1634 deos
769 1552 878 1631 potius,
892 1573 981 1629 quam
1002 1553 1038 1612 ad
1055 1554 1165 1612 inferos

211 1645 394 1726 pervenisse.

212 1885 215 1890 .
250 1837 307 1895 IV.
328 1841 375 1896 13.
393 1835 504 1914 Neque
525 1836 605 1894 enim
625 1837 768 1896 assentior
783 1837 829 1907 iis,
840 1837 892 1916 qui
907 1838 973 1897 baec
992 1858 1089 1917 nuper
1106 1838 1164 1898 dis·

211 1951 311 1991 serere
332 1943 498 2011 coeperunt,
515 1951 584 1990 cum
604 1931 777 2011 corporibus
796 1932 885 1991 simul
903 1934 1016 1992 animos
1032 1934 1164 2004 interire,

212 2039 302 2105 atque
326 2027 425 2086 omnia
448 2040 542 2086 morte
564 2026 669 2085 deleri.
709 2027 782 2085 Plus
806 2027 884 2107 apud
906 2048 955 2086 me
979 2029 1165 2106 antiquorum

212 2123 370 2180 auctoritas
383 2125 468 2194 velet,
483 2122 531 2180 vel
548 2134 715 2180 uostromm
727 2122 887 2200 majorum,
903 2123 954 2200 qui
965 2123 1089 2182 mortuis
1105 2135 1165 2181 tam

211 2213 352 2295 religiosa
364 2217 435 2296 jura
450 2218 639 2298 tribuerunt3
661 2216 743 2294 quod
754 2237 815 2275 non
827 2216 966 2274 fecissent
982 2219 1126 2294 profecto,
1140 2217 1166 2276 si

210 2312 285 2372 nihil
296 2313 334 2372 ad
345 2333 398 2372 eos
412 2313 562 2392 pertinere
577 2313 808 2372 arbitrarentur:
826 2313 875 2370 vel
886 2315 998 2381 eorum,
1008 2313 1058 2388 qui
1069 2313 1099 2370 in
1109 2314 1165 2373 bac

211 2420 291 2467 term
311 2409 439 2479 fuerunt,
453 2409 656 2487 Magnumque
678 2408 923 2485 Graeciamque
942 2427 1023 2464 nunc
1043 2407 1165 2484 quidem

212 2503 311 2563 deleta
324 2516 378 2572 est,
387 2516 460 2564 tunc
470 2504 602 2574 florebat,
611 2503 750 2564 institutis
761 2516 791 2561 et
800 2502 957 2580 praeceptis
971 2502 1033 2562 suis
1047 2503 1164 2562 erudie-

211 2611 298 2658 runt:
326 2598 374 2656 vel
392 2599 467 2676 ejus,
484 2599 535 2674 qui
553 2598 702 2675 Apollinis
724 2597 842 2655 oraculo
865 2597 1100 2675 sapientissimus
1119 2612 1165 2658 est

211 2693 380 2772 judicatus;
398 2693 450 2770 qui
462 2712 522 2750 non
535 2705 599 2751 tum
608 2693 666 2750 hoc
679 2705 743 2750 turn
754 2692 838 2762 illud,
850 2692 923 2750 utin
936 2694 1098 2772 plerisque,
1110 2695 1165 2754 sed

211 2788 291 2848 idem
311 2807 439 2866 semper,
455 2786 569 2846 animos
585 2786 740 2845 bominum
756 2807 822 2846 esse
839 2787 963 2858 divinos,
977 2789 1082 2866 iisque,
1097 2809 1165 2848 cum

211 2903 229 2942 e
244 2903 371 2962 corpore
385 2882 590 2951 excessissent,
605 2881 734 2941 reditum
748 2883 777 2940 in
791 2883 901 2941 coelum
916 2896 1029 2962 patere,
1040 2885 1164 2964 optimo·

211 2991 312 3056 quaet
320 2977 487 3057 justissimo
498 2976 606 3053 cuique
618 2977 887 3056 expeditissimum.
929 2983 975 3036 14.
990 2978 1081 3050 Quod
1091 2980 1164 3037 item

212 3071 346 3151 Scipioni
355 3072 520 3142 videbatur,
531 3071 711 3149 quiquidem
722 3073 806 3150 quasi
814 3075 997 3152 praesagiret,
1007 3073 1164 3152 perpaucis

193 3205 195 3212 ,
212 3179 281 3225 ante
295 3180 423 3226 mortem
436 3166 553 3237 diebus,
567 3187 636 3224 cum
649 3180 679 3225 et
693 3167 799 3227 Philus
821 3181 851 3226 et
863 3169 1004 3226 Manilius
1018 3167 1163 3238 adessent,

132 3291 134 3298 >
213 3276 243 3322 et
257 3264 306 3322 alii
320 3266 432 3342 plures,
446 3277 539 3342 tuque
554 3265 654 3334 etiam,
664 3265 810 3335 Scaevola,
826 3285 946 3323 mecum
958 3264 1098 3332 venisses,
1113 3263 1164 3320 tri-

214 3357 307 3416 duum
322 3357 460 3417 dissentit
474 3359 511 3418 de
528 3361 701 3438 republica:
722 3360 806 3438 cujus
820 3359 1026 3437 disputationis
1040 3357 1096 3414 fuit
1113 3376 1164 3414 ex·

213 3464 342 3510 tremum
352 3453 416 3512 fere
427 3453 465 3511 de
479 3454 698 3513 immortalitate
713 3455 886 3522 animorum,
898 3473 964 3530 quae
979 3451 1052 3508 sein
1063 3451 1165 3528 quiete

213 3549 381 3628 pervisum
398 3569 437 3608 ex
450 3550 594 3608 Africano
614 3548 732 3607 audisse
749 3548 874 3618 dicebat.
914 3546 952 3603 Id
967 3546 992 3602 si
1006 3545 1046 3602 its
1062 3558 1117 3616 est,
1131 3558 1165 3604 ut

214 3646 319 3725 optimi
340 3646 483 3725 cujusque
505 3645 620 3704 animus
640 3643 671 3700 in
691 3655 787 3700 morte
807 3640 948 3700 facillime
969 3641 1075 3711 evolet,
1091 3653 1165 3701 tam·

213 3761 305 3820 quam
316 3741 478 3802 ecustodia
485 3740 649 3816 vinclisque
660 3737 804 3816 corporis3
823 3735 870 3796 cui
880 3755 1037 3796 censemus
1047 3755 1165 3796 cursum

214 3837 330 3900 addeos
337 3837 506 3900 faciliorem
513 3835 710 3914 subsequam
718 3832 868 3915 Scipiouil
882 3833 1030 3914 quocirca,
1038 3849 1165 3894 moerere
