2646 4510
226 439 285 502 118.
543 447 691 493 cornuin
710 445 841 492 unroms

263 583 351 642 XXI.
373 579 440 640 Tali
461 577 550 637 modo
570 598 662 655 quum
685 591 801 656 septem
817 590 848 636 et
868 577 1056 656 septuaginta
1077 597 1170 640 annos

223 678 409 754 complesset,
425 687 514 750 atque
539 673 577 736 ad
599 685 763 732 extremam
785 685 967 731 senectutem
991 693 1050 732 non
1071 674 1170 732 minus

222 771 372 848 dignitate,
387 788 476 847 quam
493 768 589 846 gratia
604 767 778 846 fortunaque
795 769 935 827 crevisset
953 769 1069 850 (multas
1089 769 1170 828 enim

222 862 401 922 hereditates
417 863 499 920 nulla
515 863 572 920 alia
588 883 631 932 re,
648 883 737 939 quam
748 863 893 944 bonitate,
910 875 955 922 est
971 863 1169 938 consecutus),

220 971 360 1034 tantaque
376 957 570 1037 prosperitate
587 978 658 1016 usus
675 970 752 1016 esset
769 957 956 1027 valetudinis,
969 970 1003 1022 ut
1020 958 1102 1016 anuis
1118 957 1170 1018 tri·

221 1055 304 1133 ginta
318 1055 465 1114 medicina
475 1074 533 1112 non
545 1053 737 1131 indiguisset:
755 1066 859 1112 nactus
870 1066 915 1114 est
925 1053 1071 1121 morbum,
1081 1072 1171 1128 quem

221 1149 306 1208 initio
328 1162 360 1208 et
379 1150 444 1228 ipse
469 1160 499 1209 et
520 1148 630 1207 medici
651 1135 878 1208 contemserunt.
929 1148 1010 1206 Nam
1030 1158 1172 1225 putarunt

223 1265 290 1305 esse
312 1258 475 1316 tenesmon,
496 1243 545 1302 cui
566 1243 699 1303 remedia
720 1244 828 1304 celeria
848 1242 1006 1318 faciliaque
1026 1261 1172 1320 propone«

222 1342 341 1400 bantur.
380 1339 417 1396 Iu
433 1339 491 1400 hoc,
507 1359 597 1416 quum
618 1351 678 1397 tres
699 1358 813 1398 menses
837 1338 900 1396 sine
920 1337 988 1396 ullis
1009 1336 1170 1409 doloribus,

223 1448 419 1516 preterquam
440 1452 516 1510 quos
536 1453 575 1491 ex
599 1422 920 1511 curatioucoapiebet,
938 1431 1171 1493 consumsisset:

224 1530 318 1589 subito
341 1540 423 1591 tanta
445 1527 488 1588 vis
512 1527 609 1586 morbi
629 1528 659 1586 in
678 1528 771 1586 imum
788 1526 958 1584 intestinum
974 1526 1120 1604 prorupit,
1139 1537 1173 1590 ut

225 1636 362 1682 extremo
388 1635 522 1700 tempore
550 1643 606 1700 per
634 1622 752 1682 lumbos
779 1622 877 1680 fistula
905 1621 999 1698 putris
1029 1620 1172 1699 eruperit.

223 1718 325 1794 Atque
342 1717 400 1775 boc
416 1717 586 1794 priusquam
603 1714 632 1773 ei
649 1714 804 1785 accideret,
822 1727 978 1793 postquam
994 1715 1024 1772 in
1041 1714 1104 1773 dies
1121 1714 1173 1774 do·

223 1813 304 1876 lores
330 1831 501 1870 accrescere
521 1810 677 1887 febresque
702 1810 874 1882 accessisse=
887 1809 987 1880 sensit,
1004 1811 1173 1890 Agrippam

224 1925 368 1984 generum
383 1906 464 1964 adse
478 1905 588 1963 arcessi
597 1905 695 1982 jussit,
701 1891 735 1963 et
746 1925 815 1963 cum
824 1924 861 1963 eo
873 1905 908 1963 L.
920 1905 1092 1963 Cornelium
1103 1908 1174 1964 Bal.

223 2000 295 2058 bum
317 1999 501 2077 Sextumque
524 1999 714 2058 Peducaeum.
763 1999 829 2058 Hos
852 2011 885 2058 ut
905 2000 1020 2058 venisse
1042 1999 1122 2070 vidit,
1141 2001 1173 2064 in

224 2095 355 2160 cubitum
370 2095 506 2154 innixus:
531 2095 688 2170 Quantam,
702 2095 805 2172 inquit,
820 2115 919 2154 curam
935 2095 1174 2172 diligentiamque

222 2191 254 2252 ἐκ
274 2189 436 2250 valetudine
455 2211 519 2248 meo
539 2190 645 2248 tuendo
665 2190 717 2248 hoc
736 2199 859 2267 tempore
878 2189 1070 2259 adhibuerim,
1084 2209 1175 2266 quum

222 2304 272 2348 cos
291 2295 370 2342 testea
386 2285 520 2355 babeam,
533 2268 730 2350 sttttssnec'esse
746 2295 786 2344 est
800 2285 935 2360 ptuitbcs
950 2284 1042 2342 verbis
1056 2304 1174 2343 comme

222 2399 343 2440 morare.
387 2379 498 2455 Quibus
515 2380 705 2456 quaesierant
721 2399 810 2455 spero,
827 2378 963 2458 satisfeci,
976 2399 1022 2438 me
1038 2379 1114 2437 nibil
1129 2400 1172 2439 re·

223 2473 298 2550 liqui
310 2473 427 2552 secisse,
445 2473 520 2550 quod
540 2472 582 2531 od
603 2472 767 2531 meandum
788 2493 832 2532 me
852 2475 1015 2549 pertineret,
1031 2475 1173 2550 reliquum

224 2579 316 2638 est,at
329 2566 688 2643 egometmtttoonmtam.
718 2567 757 2624 Id
770 2587 818 2626 vos
828 2569 963 2643 ignorare
972 2569 1061 2630 nolui.
1092 2570 1174 2636 Nom

223 2663 299 2721 mitt
311 2672 378 2732 stot,
388 2660 465 2719 olere
476 2660 605 2718 morbum
616 2660 750 2720 desinere.
779 2663 914 2738 Namque
926 2663 972 2720 tte
981 2663 1081 2721 diebcs
1090 2664 1173 2740 quid·

224 2756 297 2833 quid
312 2756 370 2814 cibi
379 2755 562 2832 potionisque
580 2741 677 2826 samse,
693 2756 738 2813 ito
747 2755 880 2832 prodest„
895 2745 1173 2828 commisceremini

223 2852 335 2916 dolores
350 2853 410 2910 sine
428 2871 477 2926 spe
497 2850 608 2908 salutis.
652 2849 791 2926 Quaeso
810 2852 891 2910 vobis
905 2863 973 2930 peto
987 2853 1126 2928 primum,
1139 2864 1173 2910 ot

224 2947 375 3012 consilium
389 2945 517 3022 proicis
540 2964 653 3004 meum:
681 2945 792 3016 deinde
812 2967 847 3006 ne
854 2947 976 3026 frustra
995 2947 1172 3007 dehortando

226 3061 371 3113 conemini.

265 3227 369 3288 XXII.
389 3228 458 3297 Hac
472 3226 602 3285 oratione
612 3228 712 3287 habita
725 3239 807 3288 tanta
817 3230 981 3289 constantia
990 3231 1069 3290 vocis
1084 3244 1173 3307 atque

227 3326 332 3395 vultus,
346 3335 380 3392 ut
395 3342 453 3381 non
469 3342 509 3380 ex
525 3322 593 3392 rita,
607 3322 661 3381 sed
679 3343 718 3381 ex
734 3322 822 3382 domo
838 3323 869 3382 in
885 3323 1006 3384 domum
1022 3325 1173 3384 videretur

227 3420 365 3498 migrare,
377 3436 466 3496 quum
478 3417 598 3494 quidem
608 3418 747 3496 Agrippa
761 3439 831 3477 eum
844 3419 924 3491 flens,
932 3432 1021 3496 atque
1036 3421 1173 3487 osculans

227 3527 327 3572 oraret
348 3527 434 3592 atque
455 3513 631 3583 obsecraret,
648 3532 686 3572 ne
709 3513 746 3572 ad
763 3514 803 3585 id,
817 3514 896 3592 quod
916 3527 1020 3574 natura
1043 3526 1172 3592 cogeret,

226 3609 291 3686 ipse
315 3627 433 3686 quoque
456 3607 511 3666 sibi
535 3609 724 3680 acceleraret,
746 3622 786 3680 et,
804 3608 943 3686 quoniam
966 3623 1029 3669 tum
1053 3630 1173 3687 quoque

224 3713 324 3780 posset
343 3703 525 3782 temporibus
547 3723 714 3784 superesse,
731 3723 763 3763 se
784 3703 841 3762 sibi
857 3705 979 3782 suisque
998 3717 1173 3774 reservaret,

224 3815 331 3873 preces
357 3798 425 3879 ejus
451 3799 595 3860 taciturna
621 3819 676 3860 sua
698 3799 892 3860 obstinatione
916 3800 1071 3879 depressit.
1122 3800 1174 3861 Sic
