2664 4508
200 411 241 470 88
470 420 503 464 u.
520 420 550 464 r.
567 417 731 462 crcrrosrs
749 415 879 469 neturus,

198 567 233 616 ut
248 552 321 616 mibi
335 549 452 622 rideris,
466 571 526 612 uon
541 561 624 610 recte
639 547 757 627 judices
772 547 811 608 de
826 547 950 606 (letone.
989 547 1055 608 Aut
1071 547 1153 608 eninr

198 671 297 718 nemo.
314 647 394 726 quod
417 645 537 724 quidem
559 643 653 722 magis
675 641 775 712 credo,
792 654 852 711 cut,
869 641 895 700 si
914 641 1083 720 quisquam,
1099 643 1152 704 ille

198 745 316 824 sepiens
327 743 390 802 fnit.
426 739 596 814 Quomodo,
606 751 638 797 ut
649 737 706 796 elia
716 737 858 808 ominem,
867 749 994 796 mortem
1005 737 1059 796 filii
1070 738 1151 798 tulitl

199 840 397 900 Meminerom
411 836 551 905 Paulum,
566 833 699 892 viderem
712 832 853 891 Gallum:
875 831 928 892 sed
942 831 974 890 bi
988 830 1017 889 in
1034 833 1151 910 pueris;

199 935 277 994 (lato
289 933 321 992 in
334 930 470 1011 perfecto
484 943 514 988 et
530 940 666 1008 spectato
680 926 753 986 siro.
794 931 840 985 10.
858 925 1067 998 Quamobrem
1081 947 1153 986 cave

199 1027 308 1088 Catoni
324 1039 493 1106 antepones,
507 1045 545 1084 ne
561 1024 650 1082 istum
667 1021 788 1100 quidem
805 1021 913 1100 ipsum,
928 1041 1019 1099 quem
1032 1022 1153 1100 Apollo,

199 1136 232 1183 ut
249 1123 301 1192 eis,
316 1119 566 1202 sapientissimum
580 1117 746 1198 judicavit:
767 1117 856 1195 hujus
875 1117 955 1178 enim
972 1117 1060 1188 fecte,
1073 1117 1153 1176 illiue

199 1219 277 1278 dicto
292 1217 458 1277 laudantur.
499 1216 549 1275 De
566 1235 615 1274 me
633 1226 744 1284 eutem,
757 1225 791 1272 ut
803 1213 869 1291 jam
886 1233 953 1272 cum
969 1225 1096 1291 utroque
1110 1214 1153 1271 lo·

199 1334 283 1392 quur,
296 1312 339 1372 sic
352 1313 500 1372 habetote.

238 1503 298 1562 III.
315 1501 393 1580 Ego,
402 1503 429 1560 si
437 1499 583 1578 Scipionis
592 1499 743 1559 desiderio
753 1518 802 1557 me
813 1498 927 1570 moveri
935 1519 1052 1577 negem,
1062 1459 1153 1577 qubm

118 1587 122 1593 ’
198 1596 231 1654 id
253 1608 333 1654 recte
355 1595 470 1664 focium,
488 1594 615 1652 viderint
637 1594 807 1673 sapientem
838 1593 891 1652 sed
912 1607 992 1653 certe
1017 1594 1153 1653 montier.

201 1691 327 1750 Moveor
340 1690 420 1748 enim
433 1691 484 1748 toli
499 1689 595 1747 emico
609 1689 736 1759 orbatus,
748 1689 852 1766 qualis,
866 1701 900 1746 ut
912 1689 1048 1760 arbitror,
1062 1707 1154 1747 nemo

200 1805 332 1863 unquam
342 1784 412 1856 erit;
431 1797 464 1842 ut
474 1783 647 1842 confirmare
657 1803 785 1863 possum
794 1803 884 1844 nemo
895 1796 977 1842 certe
988 1784 1051 1842 fuit.
1087 1783 1154 1842 Sed

198 1901 257 1940 non
274 1899 350 1958 egeo
366 1877 531 1949 medicine3
552 1879 681 1957 meipso
695 1879 838 1949 consolor,
853 1891 884 1938 et
895 1879 1024 1938 maxime
1038 1879 1090 1938 illo
1107 1899 1153 1936 so·

198 1976 280 2045 latio,
296 1974 374 2052 quod
390 1995 427 2033 eo
441 1994 542 2032 errore
556 1993 654 2044 cereo,
670 1995 729 2052 quo
746 1963 911 2034 amicornni
924 1974 1047 2033 decessu
1061 1973 1152 2053 pleri-

199 2092 257 2150 que
282 2071 348 2149 angi
372 2073 475 2130 solent.
524 2070 609 2129 Nihil
632 2070 711 2129 enim
737 2071 880 2130 accidisse
904 2071 1038 2149 Scipioni
1060 2083 1152 2150 puto;

198 2166 271 2226 mihi
286 2167 401 2236 occidit,
415 2166 440 2224 si
454 2165 526 2244 quid
540 2165 665 2226 eccidit:
687 2166 749 2224 suis
764 2178 863 2224 sutem
877 2165 1071 2224 incommodis
1085 2185 1152 2244 gre·

197 2263 272 2326 viter
280 2263 348 2341 engi
356 2283 416 2322 non
426 2262 628 2332 amicum,sed
637 2261 768 2340 seipsum
777 2261 901 2320 ementis
911 2273 965 2320 est.
1008 2265 1054 2322 11.
1073 2262 1153 2320 Cum

197 2359 249 2418 illo
269 2379 340 2418 vero
357 2359 423 2437 quis
444 2371 535 2437 neget
556 2371 655 2418 sctum
676 2376 742 2416 esse
761 2357 931 2435 praeclarel
973 2355 1042 2414 Nisi
1063 2357 1152 2428 euim,

197 2454 278 2532 qnod
294 2455 346 2512 ille
365 2454 488 2512 minime
507 2454 640 2530 putabet,
654 2451 906 2511 immortalitatem
926 2465 1029 2532 optare
1046 2453 1152 2524 vellet,

199 2549 270 2628 quid
287 2568 347 2606 non
363 2561 409 2606 cst
426 2547 562 2625 adeptus,
577 2547 657 2624 quod
672 2547 783 2616 homini
796 2547 840 2606 fes
856 2560 936 2606 esset
953 2548 1077 2626 opterel
1099 2548 1153 2625 qui

198 2661 346 2702 summum
359 2661 444 2719 spem
457 2641 574 2712 civium,
589 2661 678 2720 quem
693 2643 731 2702 de
746 2663 783 2702 eo
790 2643 855 2721 jem
869 2661 964 2722 puero
977 2643 1151 2712 habuerant,

199 2736 338 2806 continuo
352 2735 524 2796 adolescens
535 2723 700 2796 incredibili
710 2739 818 2796 virtuto
832 2738 1000 2816 superavit3
1019 2739 1071 2816 qui
1082 2758 1152 2796 con·

199 2832 328 2891 sulatum
349 2830 435 2910 petiit
457 2851 617 2912 nunquam,
633 2833 729 2892 fectus
750 2846 797 2892 est
818 2835 923 2892 consul
933 2834 996 2903 bis3
1018 2834 1152 2913 primurn

199 2939 267 2986 ente
285 2938 420 3004 tempus3
441 2926 547 2986 iterum
564 2928 622 2986 sibi
637 2949 693 2986 suo
709 2941 856 3008 tempore,
873 2929 1046 3007 reipublicae
1063 2945 1152 3006 paene

198 3041 281 3093 scr03
311 3021 372 3098 qui,
398 3021 512 3081 duabus
526 3023 647 3086 urbibus
661 3024 783 3093 eversis,
794 3015 1083 3083 inimicissimis'huic
1096 3024 1152 3081 im·

199 3116 292 3197 perio,
305 3136 365 3174 uon
382 3118 473 3175 modo
485 3118 652 3197 praesentie,
666 3137 770 3178 verum
788 3119 877 3178 etiam
891 3119 991 3177 future
1006 3119 1087 3177 belle
1100 3117 1153 3176 de-

198 3212 278 3272 levit.
319 3211 403 3284 Quid
417 3212 514 3271 dicem
534 3213 572 3271 do
592 3213 726 3272 moribus
743 3213 914 3273 facillimisl
935 3214 973 3272 de
992 3213 1104 3292 pietate
1121 3212 1152 3271 in

197 3307 344 3366 metrem'l
364 3308 541 3367 liberalitate
552 3307 583 3366 in
592 3309 728 3367 sororesl
744 3309 877 3368 bonitate
888 3309 917 3366 in
927 3309 1018 3367 suosl
1033 3308 1153 3387 justitie

196 3403 228 3461 in
242 3405 368 3464 omnesl
410 3403 491 3464 Nota
503 3416 571 3462 sunt
580 3404 674 3462 vobis.
714 3403 817 3475 Quam
829 3417 929 3462 autem
944 3403 1054 3462 civitati
1065 3423 1153 3460 carus

196 3498 295 3570 fuerit,
313 3520 439 3559 moerore
455 3500 567 3559 funeris
584 3499 748 3559 indicatum
769 3511 821 3557 est.
866 3498 951 3570 Quid
966 3499 1057 3577 igitur
1072 3498 1153 3557 hunc

197 3612 361 3670 paucorum
382 3615 528 3654 annorum
549 3595 680 3654 accessio
695 3595 804 3673 juvere
824 3595 991 3672 potuissetl
1015 3605 1153 3651 senectus

199 3687 287 3759 enim,
302 3691 436 3767 quemvis
453 3711 514 3749 non
534 3690 573 3748 eit
593 3688 700 3768 gravis,
715 3701 748 3749 ut
769 3689 891 3749 memini
906 3690 1053 3749 Catonem
1075 3707 1155 3746 anno

199 3794 277 3853 anto,
292 3781 390 3862 quam
402 3797 535 3844 mortuus
556 3796 610 3854 ost,
623 3803 743 3846 mecum
763 3797 795 3844 et
815 3805 883 3846 curn
900 3785 1042 3864 Scipione
1061 3783 1154 3842 disse·
