2646 4510
371 482 879 539 srmone-car.xv.,xvn,xvn.
1040 467 1103 530 115

152 606 183 676 in
199 617 330 688 nitendo,
345 617 425 695 quod
438 619 534 676 semel
547 611 711 687 annuisset,
720 629 802 676 tanta
818 613 883 675 era't
900 635 981 688 cura,
993 615 1028 676 'ut
1039 619 1101 676 nou

152 713 330 783 mandatam,
348 712 402 772 sed
424 734 509 772 suam
531 731 596 773 rem
617 712 770 779 videretur
794 733 909 790 agere..
937 713 1100 790 Nunquam

151 809 281 887 suscepti
297 809 408 886 negotii
426 829 495 867 eum
512 801 672 886 pertaesum
692 821 744 866 est.
785 807 978 866 Suam'enim
999 808 1099 866 existi·
1120 817 1122 826 “

118 953 121 958 .
149 905 311 963 mationem
332 904 364 961 in
384 893 421 962 ea
441 924 476 962 re
496 903 544 982 agi
562 903 702 982 putabat:
728 923 788 982 qua
810 903 883 963 nihil
904 904 1034 962 habebat
1052 924 1099 963 ca·

149 1001 220 1060 rius.
258 1001 331 1072 Quo
344 999 443 1069 fiebat,
457 1012 490 1057 ut
504 999 602 1057 omnia
616 999 659 1058 M.
671 999 755 1072 etQ.
764 998 954 1069 Ciceronum,
964 999 1100 1070 Catonis,

150 1095 315 1165 Hortensii,
336 1093 410 1153 Auli
433 1093 585 1170 Torquati,
609 1095 770 1153 multorum
792 1107 938 1172 praeterea
965 1095 1099 1171 equitum

148 1177 484 1267 Romanorum'negosa
493 1183 686 1266 procuraret·
704 1189 755 1246 Ex
765 1185 825 1266 ¹quo
834 1187 963 1267 judicari
973 1201 1098 1266 poterat,

148 1305 207 1344 non
221 1285 339 1356 inertia,
353 1284 407 1343 sed
416 1284 535 1364 judicio
542 1284 654 1362 fugisse
667 1285 841 1363 reipublicae
852 1285 1098 1362 procurationem.

157 1485 160 1494 ’
186 1477 278 1536 XVI.
298 1477 500 1536 Humanitatis
516 1496 588 1535 vero
604 1477 719 1535 nullum
736 1475 840 1535 afferre
857 1477 951 1554 majus
970 1476 1102 1535 testimo·

147 1573 232 1630 nium
253 1591 383 1649 possum,
404 1591 493 1649 quam
518 1571 598 1648 quod
621 1565 792 1630 adolescens
813 1570 895 1629 idem
918 1571 988 1629 seni·
1006 1571 1100 1630 Sullae

146 1665 242 1725 suerit
256 1666 499 1746 jucundissimus,
522 1669 624 1726 senex'
639 1666 822 1726 adolescenti
838 1667 881 1724 M.
890 1667 1001 1739 Brut03
1030 1687 1100 1726 cum

147 1761 313 1838 aequalibus
330 1769 431 1820 autem
447 1763 520 1832 suis,
540 1763 580 1833 Q.
595 1762 760 1820 Hortensio
776 1775 807 1820 et
826 1762 868 1821 M.
882 1762 1036 1832 Cicerone,
1056 1763 1102 1821 sie

146 1857 263 1926 vixerit,
277 1869 310 1914 ut
318 1856 455 1934 judicare
471 1856 589 1915 difficile
603 1856 649 1925 sit',
661 1858 709 1915 cui
723 1857 803 1916 aetati
816 1857 906 1915 fuerit
921 1857 1101 1936 aptissimus.

147 1954 343 2031 Quamquam
354 1973 423 2011 eum
434 1941 586 2031 praecipue
597 1952 707 2010 dilexit
714 1953 833 2022 Cicero,
842 1965 875 2010 ut
885 1973 923 2010 ne
933 1947 1025 2012 frater
1036 1952 1101 2030 qui*

147 2049 217 2106 dem
233 2049 262 2107 ei
276 2048 408 2119 Quintus
424 2047 521 2104 carior
533 2047 623 2104 fuerit
636 2035 687 2104 aut
698 2046 877 2105 familiarior.
905 2048 960 2105 ui
972 2049 1018 2106 rei
1032 2060 1101 2106 sunt

146 2143 266 2212 iudicio,
283 2153 392 2219 praeter
411 2159 462 2197 eos
478 2139 578 2208 libros,
595 2139 627 2196 in
644 2139 750 2216 quibus
771 2140 810 2197 de
831 2159 867 2197 eo
886 2139 957 2199 facit
975 2143 1101 2200 mentio-

145 2257 229 2306 nem,
244 2235 339 2312 quiin
355 2235 461 2310 vulgus
481 2245 550 2290 sunt
565 2232 646 2302 editi,
661 2232 812 2290 sexdecim
828 2235 977 2292 volumina
993 2235 1100 2313 episto·

145 2333 255 2399 larum,
270 2329 308 2386 ab
322 2329 475 2386 consulatu
492 2327 557 2405 ejus
574 2347 669 2405 usque
689 2327 727 2386 ad
744 2339 910 2386 extremum
926 2339 1046 2407 tempus
1062 2331 1100 2388 ad

147 2426 282 2484 Atticum
294 2409 470 2480 missarum?
490 2411 556 2498 quae
570 2413 622 2498 qui
635 2423 723 2500 legat,
738 2441 797 2480 non
811 2423 937 2481 multum
951 2423 1100 2483 desideret

147 2519 302 2578 historiam
316 2529 484 2577 contextam
494 2517 614 2575 illorum
628 2529 804 2596 temporum.
845 2517 896 2576 Sic
910 2519 991 2578 enim
1001 2520 1100 2578 omnia

150 2613 188 2672 de
208 2613 312 2673 studiis
330 2613 508 2692 principum,
523 2611 602 2670 vitiis
617 2611 735 2683 ducum,
750 2613 961 2672 mutationibus
981 2614 1099 2692 reipub·

149 2707 216 2766 licae
229 2708 396 2786 perscripta
409 2719 486 2776 sunt,
498 2719 532 2764 ut
545 2705 617 2764 nihil
631 2707 661 2764 in
675 2707 712 2765 iis
724 2725 784 2766 non
799 2699 954 2786 appareat,
967 2721 997 2768 et
1010 2709 1098 2768 facile

151 2789 315 2860 existimari
326 2801 428 2880 possit,
440 2801 627 2880 prudentiam
638 2801 856 2879 quodammodo
870 2823 936 2862 esse
947 2804 1098 2864 divinatio·

150 2911 227 2954 nem.
267 2896 339 2954 Non
360 2896 441 2954 enim
458 2895 566 2954 Cicero
586 2897 747 2968 easolum,
762 2918 828 2975 quae
844 2897 911 2958 vivo
932 2919 965 2958 se
983 2900 1098 2959 aecide-

150 3001 228 3059 runt,
240 2989 339 3048 futura
358 2989 505 3068 predixit,
523 2992 577 3050 sed
594 2991 691 3062 etiarn,
706 3013 771 3068 quae
791 3013 870 3052 nunc
889 3013 944 3052 usu
965 2995 1097 3064 veniunt,

152 3084 265 3154 cecinit,
279 3098 312 3143 ut
325 3098 416 3145 vates.

112 3353 124 3363 .
189 3273 293 3335 XVII.
314 3277 364 3337 De
380 3277 491 3356 pietate
508 3290 609 3338 autem
622 3279 715 3338 Attici
730 3280 801 3357 quid
818 3281 905 3357 plura
922 3295 1099 3336 commemo-

150 3371 233 3431 remi
249 3392 341 3450 quum
349 3373 407 3431 hoe
417 3373 516 3451 ipsum
525 3394 596 3432 vere
607 3374 783 3451 gloriantem
793 3373 940 3432 audierim
950 3373 982 3428 in
992 3372 1097 3430 fitnere

149 3467 249 3524 matris
262 3487 333 3538 suae,
348 3487 437 3545 quam
450 3453 562 3526 extulit·
574 3485 719 3526 annorum
731 3459 899 3544 nonaginta,
914 3485 1004 3542 quum
1021 3477 1099 3523 esset

150 3573 263 3638 septem
281 3574 312 3620 et
327 3563 492 3643 sexaginta,
507 3581 538 3620 se
554 3579 708 3639 nunquam
725 3581 792 3620 cum
809 3573 905 3618 matre
922 3559 952 3616 in
973 3559 1098 3638 gratiam

107 3697 110 3706 ,
150 3655 273 3726 redisse,
290 3677 443 3735 nunquam
464 3677 531 3716 oum
552 3675 654 3716 sorore
675 3655 765 3714 fuisse
785 3654 995 3725 in-simultate,
1009 3675 1097 3731 quam

149 3765 241 3830 prope
262 3754 409 3830 aequalern
424 3753 562 3812 habebat.
603 3751 695 3822 Quod
708 3763 756 3809 est
775 3750 900 3828 siguum,
915 3762 965 3809 aut
985 3749 1097 3808 nullam

150 3860 277 3922 unquam
291 3847 368 3907 inter
384 3864 436 3907 eos
449 3835 666 3926 querimoniam
679 3845 888 3917 intercessisse,
903 3857 953 3904 aut
965 3846 1043 3904 hunc
1061 3865 1098 3904 ea
