2664 4508
155 432 197 490 40
375 451 379 462 ⁴
399 487 401 492 ,
429 447 463 490 u.
480 448 510 490 n.
526 443 688 492 ctcetotue
707 447 836 500 nemun,

154 578 212 636 hoc
228 577 293 656 ejus
309 587 426 648 eventu,
441 598 555 650 vereor,
571 599 610 637 ne
626 578 718 637 invidi
734 577 829 656 magio
845 595 935 655 quem
955 577 1043 636 amici
1059 577 1105 636 eit.

156 672 210 730 Sin
228 683 327 731 autem
342 671 394 731 illa
408 673 533 743 veriora,
547 686 581 732 ut
592 674 674 732 idem
688 673 824 732 inteiitus
840 673 877 730 eit
894 673 1059 732 animorum
1076 684 1107 732 et

156 785 322 844 corporum,
338 785 397 828 nec
412 769 490 826 ullus
510 787 615 826 sensus
634 780 770 839 maneat3
791 779 826 825 ut
842 767 916 825 nihil
928 767 999 826 boni
1016 779 1061 824 est
1075 768 1107 826 in

155 859 260 930 moite,
270 861 313 920 εἰσ
326 874 407 919 cente
423 862 497 920 nihil
511 863 590 921 mali.
616 862 729 920 ¹Sensu
743 861 824 920 enirn
841 862 957 932 amisso,
970 861 1003 919 fit
1016 862 1106 932 idem,

156 955 342 1033 quaeinatue
362 971 421 1016 nou
442 971 522 1016 esset
538 957 673 1028 omnino;
695 975 785 1033 quem
800 968 901 1014 tamen
921 975 987 1014 esee
1003 968 1119 1015 natum·

156 1063 188 1108 et
200 1071 255 1110 noe
268 1051 442 1129 gaudemus,
454 1065 485 1109 et
497 1053 563 1110 hoec
577 1051 688 1120 civitae,
699 1050 771 1108 dum
783 1050 849 1120 erit,
863 1051 1018 1109 laetabitur.
1060 1054 1107 1109 15.

157 1146 364 1217 Quamobrem
375 1165 442 1205 cum
451 1147 504 1205 illo
512 1146 644 1225 quidem,
653 1158 687 1204 ut
700 1165 793 1226 supra
803 1145 875 1215 dixi,
885 1158 983 1204 actum
994 1146 1107 1223 optime

158 1253 218 1300 eet:
239 1251 358 1300 mecum
374 1241 600 1312 incommodius,
616 1261 703 1319 quem
719 1241 817 1299 fuerat
835 1239 960 1317 aequius,
978 1253 1010 1298 ut
1026 1239 1109 1320 prius

156 1335 337 1406 introieram,
350 1336 393 1394 εἰσ
411 1336 493 1416 priua
509 1336 593 1394 exire
606 1335 646 1394 de
664 1335 732 1394 vita
773 1335 836 1392 Sed
850 1347 952 1392 tamen
967 1334 1107 1393 recorda·

156 1431 237 1489 tione
257 1444 365 1490 nostrae
387 1431 523 1489 amicitiae
543 1430 586 1488 εἰσ
602 1429 691 1498 finon,
710 1442 743 1487 ut
759 1429 848 1486 bento
864 1427 975 1486 vixisse
993 1428 1108 1500 videar,

157 1525 228 1601 quia
245 1545 313 1582 cum
328 1525 469 1602 Scipione
483 1524 619 1593 vixerim,
633 1542 763 1599 quocum
779 1520 851 1583 mihi
865 1522 1023 1599 conjuncta
1039 1542 1110 1580 cura

158 1617 197 1675 de
217 1618 397 1695 republica,
416 1630 446 1675 et
465 1617 503 1674 de
524 1617 639 1694 privata
654 1616 729 1685 fuit3
750 1635 880 1692 quocum
900 1627 931 1674 et
947 1616 1062 1684 domus,
1079 1628 1110 1674 ot

157 1712 264 1770 militia
284 1711 459 1781 communie,
476 1723 507 1768 et
527 1710 568 1781 id,
585 1709 617 1767 in
637 1730 698 1788 quo
718 1723 764 1768 eet
784 1709 879 1769 omnio
899 1710 943 1768 vie
964 1710 1109 1782 amicitiae,

157 1808 349 1876 voluntatum,
371 1804 546 1875 studiorum,
566 1805 781 1865 sententiarum
809 1825 925 1863 numme
947 1806 1110 1866 consensio.

158 1902 265 1979 Itaque
283 1921 344 1959 non
364 1912 425 1960 tam
440 1900 496 1958 ieta
515 1921 564 1959 me
585 1900 746 1978 sapientiae,
761 1920 851 1978 quam
871 1899 962 1961 modo
978 1900 1111 1960 Fannius

158 1997 407 2067 commemoravit,
418 1995 498 2055 fama
508 1996 646 2066 delectat,
657 1994 732 2054 solea
742 1995 922 2074 'praecox-tim,
931 1994 1111 2074 quamquod

158 2092 294 2152 amicitiae
305 2105 412 2174 nostrae
422 2091 595 2150 memoriam
606 2111 695 2171 spero
705 2091 916 2170 sempiternam
924 2091 989 2150 fore
995 2097 1003 2163 ς’
1021 2090 1111 2168 idque

158 2187 230 2246 mihi
240 2208 282 2246 eo
292 2188 388 2266 magis
403 2201 449 2246 est
463 2187 554 2258 cordi,
566 2187 651 2269 quod·
659 2207 699 2245 ex
712 2186 848 2246 omnibus
862 2187 971 2246 seculis
981 2187 1033 2245 vix
1046 2185 1111 2256 uia,

158 2295 209 2342 aut
224 2295 361 2361 quattuor
377 2281 565 2341 nominantur
578 2281 662 2360 paria
678 2281 859 2340 amicorum:
880 2300 940 2358 quo
953 2281 984 2338 in
1000 2299 1111 2358 genere

157 2397 279 2457 operare
293 2377 396 2438 videor
409 2377 603 2456 Scipionioet
614 2376 703 2436 Laelii
717 2376 878 2436 amicitiam
898 2388 998 2434 notam
1011 2388 1109 2453 poete·
1133 2417 1137 2426 ·

156 2472 234 2530 ritati
247 2471 318 2530 fote.
878 2519 882 2530 .
1104 2521 1106 2526 .

198 2571 244 2626 16.
259 2566 409 2625 Fxmume.
427 2565 511 2623 Istud
519 2565 649 2643 quidem,
659 2564 746 2634 Laeli,
754 2564 797 2623 ita
806 2583 931 2642 necesse
942 2565 1000 2623 eet!
1039 2564 1111 2636 Sed,

158 2660 298 2738 quoniam
312 2659 448 2718 amicitiae
462 2658 645 2718 mentionem
658 2658 762 2728 fecisti,
774 2671 805 2716 et
818 2665 920 2718 eumue
934 2659 1031 2730 otiosi,
1043 2681 1110 2739 per·

157 2767 275 2833 gratum
291 2754 364 2810 mihi
377 2752 484 2811 feceris
498 2753 598 2833 (spero
612 2753 683 2811 item
697 2752 863 2829 Scaevolae),
874 2753 909 2822 εἰ,
920 2753 1111 2830 quomadmo-

157 2850 228 2908 dum
244 2849 322 2906 soles
339 2848 378 2906 de
395 2848 503 2906 ceteris
519 2850 619 2919 rebus,
634 2867 702 2922 cum
719 2867 758 2906 ex
775 2860 805 2906 te
819 2860 998 2924 quaeruntur,
1012 2848 1055 2907 εἰσ
1072 2849 1111 2908 de

159 2943 299 3009 amicitie
312 2942 479 3021 disputaris,
498 2942 569 3024 quid
587 2941 705 3013 sentiae,
722 2943 842 3019 qualem
866 2941 1027 3014 existimes,
1044 2964 1110 3020 quea

157 3052 311 3120 praecepte
323 3037 384 3097 des.
502 3113 506 3122 ι
1048 3113 1050 3118 Ι

199 3119 362 3194 semona
374 3132 450 3192 Mihi
467 3153 540 3192 vero
557 3144 731 3212 pergratum
749 3131 831 3190 eritt'
845 3143 943 3210 etque,
962 3131 995 3190 id
1013 3133 1112 3211 ipsum

160 3250 229 3290 cum
239 3243 336 3290 tecum
346 3249 435 3308 agere
446 3227 719 3299 conarer,Fannius
730 3227 901 3287 antevertit:
919 3229 1112 3305 quamobrem

160 3326 279 3404 utrique
291 3337 422 3384 nostrum
438 3338 556 3402 gratum
570 3321 732 3382 admodum
745 3321 861 3382 seceris.

139 3487 144 3506 ἰ
201 3516 240 3575 V.
262 3521 309 3576 17.
331 3517 465 3577 Luctus.
485 3515 555 3597 Ego
570 3535 642 3575 vero
663 3534 723 3574 non
748 3533 897 3593 gravarer,
915 3514 940 3574 εἰ
960 3515 1032 3574 mihi
1049 3515 1113 3593 ipse

163 3610 367 3672 confiderem:
387 3633 457 3671 nam
475 3624 504 3671 ot
519 3612 663 3691 praeclara
678 3629 728 3668 ree
745 3621 799 3681 eet,
814 3621 844 3670 et
864 3629 976 3680 eumue,
989 3621 1022 3668 ut
1039 3610 1115 3668 dixit

163 3705 307 3777 Fannius,
324 3707 437 3766 otiosi*
458 3706 603 3784 Sed-quio
620 3725 678 3784 ego
695 3705 783 3764 sumi
804 3718 856 3764 aut
872 3723 939 3783 quae
956 3704 987 3761 in
1004 3723 1053 3761 me
1070 3715 1115 3762 eet

164 3799 310 3861 facultati
340 3798 1115 3878 Doctorumestietaconeuetudo,eaqueGraeoorum,
1180 3831 1187 3845 ·

5 4232 658 4474 Mum
