2664 4508
200 345 221 406 4
428 359 462 401 ιι.
478 359 508 400 r.
524 359 688 402 nicanorus
706 357 789 400 caro
807 357 921 411 aaron,

199 512 257 552 nec
273 491 425 550 inhumani
440 505 564 564 senas,t
552 487 740 550 tolerabilem
758 502 854 568 agitat
873 502 1079 552 senectutem:
1100 491 1155 554 im·

199 587 431 680 portunitas
381 601 480 646 autem
495 600 526 646 at
539 587 739 645 inhumanitas
753 585 833 644 omni
846 585 926 644 etati
940 587 1067 646 molesta
1080 601 1134 648 est.

239 688 266 743 8.
282 684 417 742 Laurus.
433 683 500 753 Est,
509 694 542 742 ut
553 681 626 741 dieis
628 682 738 752 ,Cat03
757 680 1154 762 sedlertassedixaritquis-

199 777 290 857 piam,
307 777 362 837 tibi
383 791 505 858 propter
527 797 610 856 opes,
627 789 658 836 et
679 776 801 855 copias,
811 788 843 835 et
864 775 1040 855 dignitatem
1062 791 1154 851 tuam,

199 873 430 933 tolerabiliorem
454 886 638 933 senectutem
661 871 774 932 viderit
802 871 834 932 id
857 883 957 942 autem
979 893 1039 932 non
1063 893 1154 952 posse

200 967 297 1027 multia
310 969 493 1048 contingere.

241 1064 338 1124 Caro.
359 1063 416 1124 Est
428 1065 504 1124 istnc
515 1064 646 1143 quidem,
657 1063 742 1136 Loeli,
754 1061 882 1141 aliquid3
904 1061 957 1121 sed
967 1081 1155 1141 nequaquam

199 1159 231 1218 in
247 1160 303 1218 isto
323 1160 430 1220 omnia.
470 1160 515 1220 Ut
532 1160 748 1219 Themistocles
765 1159 859 1218 fertur
875 1158 1015 1237 Seriphio
1035 1159 1154 1219 cuidam

199 1255 230 1314 in
241 1255 344 1335 jurgio
356 1255 555 1335 respondisse,
567 1277 636 1314 cum
650 1256 701 1314 ille
716 1253 852 1323 dixisset,
866 1273 927 1313 non
941 1274 1010 1313 eum
1023 1274 1088 1325 sua,
1100 1255 1154 1314 aad

198 1352 303 1431 patriae
317 1352 412 1430 gloria
428 1352 621 1434 splendorem
635 1363 821 1410 assecutum:
842 1351 902 1410 Nec
915 1350 1034 1420 decula
1048 1349 1153 1428 inquit,

198 1449 290 1525 siege
305 1448 458 1524 amptius
475 1469 570 1519 esrem,
583 1447 688 1506 nobilis
695 1470 709 1516 ,·
730 1467 780 1506 nec
793 1457 825 1505 tu
837 1447 864 1504 si
877 1447 1057 1506 Atheniensis
1074 1466 1153 1517 estes,

199 1543 295 1601 clarus
311 1563 438 1619 captum
446 1543 568 1619 sarira.
607 1541 702 1614 Quod
716 1542 823 1602 eodem
837 1543 929 1602 modo
943 1541 981 1601 de
997 1553 1153 1602 senectute

200 1634 259 1694 dici
272 1647 380 1714 potest
421 1635 490 1694 Nec
503 1635 583 1694 enim
597 1636 627 1695 iu
640 1657 757 1696 summa
769 1637 870 1716 inopia
882 1637 956 1696 levis
971 1657 1038 1697 esse
1051 1656 1154 1697 senec·

199 1743 247 1788 tus
267 1743 373 1808 potest,
390 1751 431 1788 ne
450 1730 578 1809 sapienti
598 1731 737 1810 quidem:
764 1751 821 1792 nec
841 1732 992 1811 insipienti
1012 1732 1102 1794 etiam
1122 1733 1154 1792 in

201 1846 316 1886 summa
340 1827 437 1908 copia
451 1847 508 1886 non
535 1827 641 1906 gravis.
695 1835 722 1888 9.
743 1829 908 1908 Aptissima
931 1827 1052 1887 omnino
1074 1841 1153 1900 aunt,

200 1921 304 2002 Scipio
321 1935 352 1982 et
368 1923 454 1994 Laeli,
472 1943 555 1982 arma
574 1924 743 1994 senectutis,
762 1938 847 1994 artes,
865 1923 1154 2002 exercitationesque

199 2018 357 2092 virtutum3
379 2039 446 2098 quac
457 2020 488 2078 in
507 2019 589 2079 omni
602 2032 691 2080 atate
705 2022 803 2090 cultas,
817 2039 886 2078 cum
899 2017 952 2077 diu
965 2019 1153 2098 multumque

199 2113 319 2185 vixeris,
336 2115 477 2176 mirificos
500 2116 626 2176 afferunt
645 2115 768 2187 fructus,
787 2135 846 2174 non
870 2114 967 2173 solum
987 2114 1057 2192 quia
1078 2135 1152 2174 nuu-

199 2231 290 2290 quam
300 2212 449 2285 deserunt,
458 2234 497 2274 ne
508 2215 774 2293 extremoquidam
784 2225 920 2292 tempore
932 2213 1025 2274 aetatis
1036 2213 1151 2292 (qnam-

199 2327 290 2386 quam
309 2309 340 2367 id
362 2310 526 2370 maximum
548 2310 616 2388 est),
635 2331 740 2370 verum
765 2310 854 2369 etiam
878 2309 949 2387 quia
974 2310 1154 2370 conscientia

198 2403 275 2463 bene
298 2419 371 2466 actae
392 2407 471 2476 vitm,
488 2407 710 2484 multorumque
728 2405 950 2465 benefactorum
974 2406 1152 2478 recordatio,

198 2499 416 2577 jucundissima
430 2513 484 2560 est.

239 2689 295 2750 lV.
314 2695 361 2750 10.
375 2689 446 2768 Ego
458 2690 793 2764 QMaximum-aum,
802 2693 854 2771 qui
863 2693 1028 2754 Tarentum
1037 2693 1153 2774 recepit

198 2786 414 2846 -adolescens
429 2787 471 2845 ita
488 2787 579 2847 dilexi
599 2808 712 2860 seuam,
727 2802 761 2848 ut
780 2791 936 2867 aequalem.
976 2790 1052 2849 Erat
1072 2790 1153 2849 euim

197 2883 229 2941 in
242 2883 295 2940 illo
308 2884 371 2943 viro
386 2883 525 2943 comitate
540 2884 659 2944 condita
676 2885 815 2964 gravitas,
830 2906 886 2944 nac
902 2899 1041 2946 tenemus
1054 2907 1152 2947 mores

197 2991 379 3038 mutaverat:
401 2999 580 3058 quamquam
600 3001 669 3040 eum
689 2984 789 3041 colere
809 2982 889 3062 scapi
909 3002 969 3042 non
990 2981 1152 3044 admodum

197 3074 341 3154 grandem
361 3087 441 3148 netu,
458 3076 513 3136 sed
529 3089 629 3138 tamen
644 3078 709 3157 jam
729 3090 819 3138 aetate
838 3091 1023 3159 provectum.
1063 3081 1152 3138 Anno

196 3172 277 3230 enim
294 3185 363 3251 post
383 3173 484 3232 consul
500 3173 628 3252 primum
645 3174 753 3248 suerat,
770 3195 860 3252 quam
881 3193 938 3253 ego
958 3187 1046 3234 natus
1067 3194 1150 3247 sum3

196 3287 325 3346 cumque
339 3287 376 3328 eo
389 3281 527 3346 quartum
543 3269 665 3329 consule
682 3269 922 3332 adolescentulus
936 3270 1024 3330 miles
1041 3271 1078 3328 ad
1093 3270 1151 3331 Ca·

195 3385 286 3446 puam
301 3363 452 3444 profectus
471 3384 546 3436 sum,
561 3363 725 3444 quintoque
746 3385 823 3425 anno
840 3379 906 3445 post
922 3366 961 3424 ad
976 3366 1150 3426 Tarentum.

190 3463 331 3534 Quaestor
356 3461 466 3526 deinde
493 3459 689 3542 quadriennio
704 3473 770 3542 post
782 3461 876 3521 faetus
894 3482 969 3532 ιιιιιι,
984 3481 1074 3540 quem
1091 3481 1151 3520 ma-

196 3559 350 3636 gistratum
372 3561 461 3642 gessi,
482 3561 654 3624 consulibus
677 3557 826 3621 Tuditano
850 3573 880 3620 et
902 3561 1056 3640 Cemegm
1082 3576 1151 3616 cum

195 3654 317 3731 quidem
328 3657 381 3717 ille
394 3657 555 3720 admodum
569 3677 673 3731 senex,
686 3677 791 3718 suasor
800 3657 877 3736 legis
888 3656 1004 3716 Cinciae
1015 3654 1053 3711 de
1064 3651 1151 3710 donia

196 3760 227 3808 et
242 3752 416 3813 muneribus
430 3753 495 3814 fuit.
534 3755 597 3816 Hic
616 3767 648 3815 st
663 3753 745 3816 bella
763 3753 898 3835 gerebat,
911 3763 946 3812 ut
962 3747 1150 3817 adolescens,
