<?xml version="1.0" encoding="UTF-8"?>
<!DOCTYPE html PUBLIC "-//W3C//DTD XHTML 1.0 Transitional//EN"
    "http://www.w3.org/TR/xhtml1/DTD/xhtml1-transitional.dtd">
<html xmlns="http://www.w3.org/1999/xhtml" xml:lang="en" lang="en">
 <head>
  <title>
</title>
<meta http-equiv="Content-Type" content="text/html;charset=utf-8" />
  <meta name='ocr-system' content='tesseract 3.04.00' />
  <meta name='ocr-capabilities' content='ocr_page ocr_carea ocr_par ocr_line ocrx_word'/>
</head>
<body>
  <div class='ocr_page' id='page_1' title='image "./desenectutedeam00anthgoog_0031.png"; bbox 0 0 2664 4508; ppageno 0'>
   <div class='ocr_carea' id='block_1_1' title="bbox 195 352 918 412">
    <p class='ocr_par' dir='ltr' id='par_1_1' title="bbox 195 352 918 412">
     <span class='ocr_line' id='line_1_1' title="bbox 195 352 918 412; baseline -0.017 -1"><span class='ocrx_word' id='word_1_1' title='bbox 195 352 236 412; x_wconf 84' lang='lat' dir='ltr'>to</span> <span class='ocrx_word' id='word_1_2' title='bbox 424 364 458 406; x_wconf 84' lang='lat' dir='ltr'>ss.</span> <span class='ocrx_word' id='word_1_3' title='bbox 474 363 503 406; x_wconf 79' lang='lat' dir='ltr'>a.</span> <span class='ocrx_word' id='word_1_4' title='bbox 519 359 682 405; x_wconf 77' lang='lat' dir='ltr'>caenosus</span> <span class='ocrx_word' id='word_1_5' title='bbox 702 359 785 402; x_wconf 79' lang='lat' dir='ltr'>caro</span> <span class='ocrx_word' id='word_1_6' title='bbox 802 357 918 411; x_wconf 76' lang='lat' dir='ltr'>aaron,</span> 
     </span>
    </p>
   </div>
   <div class='ocr_carea' id='block_1_2' title="bbox 155 487 1151 2574">
    <p class='ocr_par' dir='ltr' id='par_1_2' title="bbox 191 487 1151 936">
     <span class='ocr_line' id='line_1_2' title="bbox 191 487 1151 572; baseline -0.005 -14"><span class='ocrx_word' id='word_1_7' title='bbox 191 495 562 572; x_wconf 63' lang='lat' dir='ltr'>titaneumque</span> <span class='ocrx_word' id='word_1_8' title='bbox 571 493 652 554; x_wconf 76' lang='lat' dir='ltr'>vult:</span> <span class='ocrx_word' id='word_1_9' title='bbox 673 504 761 569; x_wconf 84' lang='lat' dir='ltr'>atque</span> <span class='ocrx_word' id='word_1_10' title='bbox 773 491 806 550; x_wconf 92' lang='lat' dir='ltr'>in</span> <span class='ocrx_word' id='word_1_11' title='bbox 819 511 856 550; x_wconf 89' lang='lat' dir='ltr'>ea</span> <span class='ocrx_word' id='word_1_12' title='bbox 865 487 1074 569; x_wconf 69' lang='lat' dir='ltr'>quidamque</span> <span class='ocrx_word' id='word_1_13' title='bbox 1088 513 1151 553; x_wconf 87' lang='lat' dir='ltr'>non</span> 
     </span>
     <span class='ocr_line' id='line_1_3' title="bbox 192 584 1150 671; baseline -0.003 -19"><span class='ocrx_word' id='word_1_14' title='bbox 192 595 266 662; x_wconf 84' lang='lat' dir='ltr'>vult,</span> <span class='ocrx_word' id='word_1_15' title='bbox 281 611 362 671; x_wconf 77' lang='lat' dir='ltr'>saepe</span> <span class='ocrx_word' id='word_1_16' title='bbox 383 590 473 650; x_wconf 89' lang='lat' dir='ltr'>etiam</span> <span class='ocrx_word' id='word_1_17' title='bbox 493 587 695 648; x_wconf 87' lang='lat' dir='ltr'>adolescentia</span> <span class='ocrx_word' id='word_1_18' title='bbox 708 586 841 646; x_wconf 84' lang='lat' dir='ltr'><strong>incurrit.</strong></span> <span class='ocrx_word' id='word_1_19' title='bbox 880 584 962 646; x_wconf 87' lang='lat' dir='ltr'>Illud</span> <span class='ocrx_word' id='word_1_20' title='bbox 977 606 1051 647; x_wconf 76' lang='lat' dir='ltr'>sero</span> <span class='ocrx_word' id='word_1_21' title='bbox 1067 585 1150 650; x_wconf 89' lang='lat' dir='ltr'>idem</span> 
     </span>
     <span class='ocr_line' id='line_1_4' title="bbox 193 685 500 748; baseline -0.023 1"><span class='ocrx_word' id='word_1_22' title='bbox 193 687 337 748; x_wconf 81' lang='lat' dir='ltr'>Caecilius</span> <span class='ocrx_word' id='word_1_23' title='bbox 350 685 500 744; x_wconf 76' lang='lat' dir='ltr'>vitiosius:</span> 
     </span>
     <span class='ocr_line' id='line_1_5' title="bbox 281 777 1064 858; baseline -0.001 -19"><span class='ocrx_word' id='word_1_24' title='bbox 281 781 356 840; x_wconf 83' lang='lat' dir='ltr'>Tum</span> <span class='ocrx_word' id='word_1_25' title='bbox 369 780 498 858; x_wconf 80' lang='lat' dir='ltr'>equidem</span> <span class='ocrx_word' id='word_1_26' title='bbox 512 781 543 838; x_wconf 68' lang='grc' dir='ltr'>ἐπ</span> <span class='ocrx_word' id='word_1_27' title='bbox 557 788 666 836; x_wconf 70' lang='lat' dir='ltr'>umecta</span> <span class='ocrx_word' id='word_1_28' title='bbox 678 778 731 836; x_wconf 73' lang='lat' dir='ltr'>too</span> <span class='ocrx_word' id='word_1_29' title='bbox 744 777 849 856; x_wconf 73' lang='lat' dir='ltr'>deputo</span> <span class='ocrx_word' id='word_1_30' title='bbox 861 778 1064 849; x_wconf 79' lang='lat' dir='ltr'>miserrimam,</span> 
     </span>
     <span class='ocr_line' id='line_1_6' title="bbox 276 872 895 936; baseline -0.006 0"><span class='ocrx_word' id='word_1_31' title='bbox 276 875 390 936; x_wconf 74' lang='lat' dir='ltr'>Smtire</span> <span class='ocrx_word' id='word_1_32' title='bbox 403 895 437 932; x_wconf 85' lang='lat' dir='ltr'>ca</span> <span class='ocrx_word' id='word_1_33' title='bbox 452 883 535 932; x_wconf 79' lang='lat' dir='ltr'>etate</span> <span class='ocrx_word' id='word_1_34' title='bbox 547 893 603 932; x_wconf 80' lang='lat' dir='ltr'>cass</span> <span class='ocrx_word' id='word_1_35' title='bbox 616 893 648 934; x_wconf 82' lang='lat' dir='ltr'>se.</span> <span class='ocrx_word' id='word_1_36' title='bbox 657 872 786 931; x_wconf 75' lang='lat' dir='ltr'>odiosam</span> <span class='ocrx_word' id='word_1_37' title='bbox 799 873 895 932; x_wconf 71' lang='lat' dir='ltr'>oneri.</span> 
     </span>
    </p>

    <p class='ocr_par' dir='ltr' id='par_1_3' title="bbox 155 965 1149 2574">
     <span class='ocr_line' id='line_1_7' title="bbox 194 965 1147 1048; baseline -0.003 -17"><span class='ocrx_word' id='word_1_38' title='bbox 194 976 242 1030; x_wconf 83' lang='lat'>26.</span> <span class='ocrx_word' id='word_1_39' title='bbox 256 969 277 1030; x_wconf 91' lang='lat' dir='ltr'><strong>J</strong></span> <span class='ocrx_word' id='word_1_40' title='bbox 279 969 430 1030; x_wconf 88' lang='lat' dir='ltr'>ucundum</span> <span class='ocrx_word' id='word_1_41' title='bbox 439 968 547 1048; x_wconf 89' lang='lat' dir='ltr'>potins,</span> <span class='ocrx_word' id='word_1_42' title='bbox 556 987 643 1045; x_wconf 89' lang='lat' dir='ltr'>quam</span> <span class='ocrx_word' id='word_1_43' title='bbox 652 965 803 1028; x_wconf 88' lang='lat' dir='ltr'>odiosuml</span> <span class='ocrx_word' id='word_1_44' title='bbox 836 967 880 1027; x_wconf 90' lang='lat' dir='ltr'>Ut</span> <span class='ocrx_word' id='word_1_45' title='bbox 888 967 970 1026; x_wconf 87' lang='lat' dir='ltr'>enim</span> <span class='ocrx_word' id='word_1_46' title='bbox 978 967 1147 1030; x_wconf 87' lang='lat' dir='ltr'>adolescen-</span> 
     </span>
     <span class='ocr_line' id='line_1_8' title="bbox 195 1062 1147 1145; baseline 0 -19"><span class='ocrx_word' id='word_1_47' title='bbox 195 1067 284 1137; x_wconf 91' lang='lat' dir='ltr'>tibns‚</span> <span class='ocrx_word' id='word_1_48' title='bbox 298 1067 378 1126; x_wconf 91' lang='lat' dir='ltr'>bona</span> <span class='ocrx_word' id='word_1_49' title='bbox 397 1064 498 1124; x_wconf 89' lang='lat' dir='ltr'>indole</span> <span class='ocrx_word' id='word_1_50' title='bbox 519 1063 661 1145; x_wconf 66' lang='lat' dir='ltr'>praeditis,</span> <span class='ocrx_word' id='word_1_51' title='bbox 677 1063 826 1142; x_wconf 87' lang='lat' dir='ltr'>sapientes</span> <span class='ocrx_word' id='word_1_52' title='bbox 845 1083 933 1122; x_wconf 69' lang='lat' dir='ltr'>mnes</span> <span class='ocrx_word' id='word_1_53' title='bbox 952 1062 1147 1136; x_wconf 86' lang='lat' dir='ltr'>delectantur,</span> 
     </span>
     <span class='ocr_line' id='line_1_9' title="bbox 193 1159 1148 1241; baseline -0.002 -19"><span class='ocrx_word' id='word_1_54' title='bbox 193 1163 351 1241; x_wconf 83' lang='lat' dir='ltr'>leviorque</span> <span class='ocrx_word' id='word_1_55' title='bbox 367 1161 401 1220; x_wconf 87' lang='lat' dir='ltr'>fit</span> <span class='ocrx_word' id='word_1_56' title='bbox 417 1180 521 1222; x_wconf 86' lang='lat' dir='ltr'>eomm</span> <span class='ocrx_word' id='word_1_57' title='bbox 536 1171 681 1228; x_wconf 88' lang='lat' dir='ltr'>senectus,</span> <span class='ocrx_word' id='word_1_58' title='bbox 695 1159 746 1238; x_wconf 91' lang='lat' dir='ltr'>qui</span> <span class='ocrx_word' id='word_1_59' title='bbox 760 1179 779 1218; x_wconf 86' lang='lat' dir='ltr'>a</span> <span class='ocrx_word' id='word_1_60' title='bbox 788 1159 946 1238; x_wconf 86' lang='lat' dir='ltr'>juventute</span> <span class='ocrx_word' id='word_1_61' title='bbox 963 1160 1100 1220; x_wconf 89' lang='lat' dir='ltr'>coluntur</span> <span class='ocrx_word' id='word_1_62' title='bbox 1116 1173 1148 1220; x_wconf 92' lang='lat' dir='ltr'>et</span> 
     </span>
     <span class='ocr_line' id='line_1_10' title="bbox 155 1255 1147 1338; baseline -0.002 -20"><span class='ocrx_word' id='word_1_63' title='bbox 155 1285 158 1292; x_wconf 94' lang='lat'>·</span> <span class='ocrx_word' id='word_1_64' title='bbox 194 1257 374 1338; x_wconf 81' lang='lat' dir='ltr'>diliguntur:</span> <span class='ocrx_word' id='word_1_65' title='bbox 405 1258 448 1318; x_wconf 88' lang='lat' dir='ltr'>sic</span> <span class='ocrx_word' id='word_1_66' title='bbox 469 1257 674 1316; x_wconf 76' lang='lat' dir='ltr'><strong>adolescentes</strong></span> <span class='ocrx_word' id='word_1_67' title='bbox 696 1275 802 1314; x_wconf 88' lang='lat' dir='ltr'>senum</span> <span class='ocrx_word' id='word_1_68' title='bbox 822 1255 982 1335; x_wconf 75' lang='lat' dir='ltr'>preceptis</span> <span class='ocrx_word' id='word_1_69' title='bbox 1004 1255 1147 1336; x_wconf 85' lang='lat' dir='ltr'>gaudent,</span> 
     </span>
     <span class='ocr_line' id='line_1_11' title="bbox 195 1351 1147 1435; baseline -0.004 -21"><span class='ocrx_word' id='word_1_70' title='bbox 195 1355 302 1435; x_wconf 89' lang='lat' dir='ltr'>quibus</span> <span class='ocrx_word' id='word_1_71' title='bbox 314 1355 353 1414; x_wconf 88' lang='lat' dir='ltr'>ad</span> <span class='ocrx_word' id='word_1_72' title='bbox 361 1354 504 1415; x_wconf 77' lang='lat' dir='ltr'>ristulum</span> <span class='ocrx_word' id='word_1_73' title='bbox 517 1351 617 1411; x_wconf 88' lang='lat' dir='ltr'>studia</span> <span class='ocrx_word' id='word_1_74' title='bbox 627 1351 785 1412; x_wconf 86' lang='lat' dir='ltr'>ducuntur.</span> <span class='ocrx_word' id='word_1_75' title='bbox 818 1351 886 1410; x_wconf 89' lang='lat' dir='ltr'>Nec</span> <span class='ocrx_word' id='word_1_76' title='bbox 896 1351 993 1410; x_wconf 88' lang='lat' dir='ltr'>minus</span> <span class='ocrx_word' id='word_1_77' title='bbox 1003 1352 1147 1432; x_wconf 79' lang='lat' dir='ltr'>intelligo,</span> 
     </span>
     <span class='ocr_line' id='line_1_12' title="bbox 195 1446 1148 1530; baseline 0 -20"><span class='ocrx_word' id='word_1_78' title='bbox 195 1471 245 1510; x_wconf 90' lang='lat' dir='ltr'>me</span> <span class='ocrx_word' id='word_1_79' title='bbox 261 1450 356 1522; x_wconf 83' lang='lat' dir='ltr'>vobis,</span> <span class='ocrx_word' id='word_1_80' title='bbox 369 1469 459 1530; x_wconf 89' lang='lat' dir='ltr'>qnam</span> <span class='ocrx_word' id='word_1_81' title='bbox 475 1448 548 1508; x_wconf 89' lang='lat' dir='ltr'>mihi</span> <span class='ocrx_word' id='word_1_82' title='bbox 561 1467 615 1506; x_wconf 83' lang='lat' dir='ltr'>vos</span> <span class='ocrx_word' id='word_1_83' title='bbox 632 1465 697 1505; x_wconf 88' lang='lat' dir='ltr'>esse</span> <span class='ocrx_word' id='word_1_84' title='bbox 708 1446 867 1525; x_wconf 87' lang='lat' dir='ltr'>jucundos.</span> <span class='ocrx_word' id='word_1_85' title='bbox 908 1447 971 1506; x_wconf 88' lang='lat' dir='ltr'>Sed</span> <span class='ocrx_word' id='word_1_86' title='bbox 983 1447 1099 1517; x_wconf 84' lang='lat' dir='ltr'>videtis,</span> <span class='ocrx_word' id='word_1_87' title='bbox 1113 1461 1148 1511; x_wconf 88' lang='lat' dir='ltr'>ut</span> 
     </span>
     <span class='ocr_line' id='line_1_13' title="bbox 194 1540 1149 1620; baseline -0.001 -17"><span class='ocrx_word' id='word_1_88' title='bbox 194 1557 333 1604; x_wconf 88' lang='lat' dir='ltr'>senectus</span> <span class='ocrx_word' id='word_1_89' title='bbox 352 1565 412 1603; x_wconf 92' lang='lat' dir='ltr'>non</span> <span class='ocrx_word' id='word_1_90' title='bbox 434 1542 525 1602; x_wconf 90' lang='lat' dir='ltr'>modo</span> <span class='ocrx_word' id='word_1_91' title='bbox 540 1540 682 1620; x_wconf 87' lang='lat' dir='ltr'>languida</span> <span class='ocrx_word' id='word_1_92' title='bbox 699 1554 788 1620; x_wconf 89' lang='lat' dir='ltr'>atque</span> <span class='ocrx_word' id='word_1_93' title='bbox 804 1542 884 1602; x_wconf 87' lang='lat' dir='ltr'>iners</span> <span class='ocrx_word' id='word_1_94' title='bbox 902 1562 964 1601; x_wconf 89' lang='lat' dir='ltr'>non</span> <span class='ocrx_word' id='word_1_95' title='bbox 983 1542 1031 1613; x_wconf 85' lang='lat' dir='ltr'>sit,</span> <span class='ocrx_word' id='word_1_96' title='bbox 1042 1562 1149 1602; x_wconf 78' lang='lat' dir='ltr'>verum</span> 
     </span>
     <span class='ocr_line' id='line_1_14' title="bbox 195 1631 1146 1718; baseline -0.001 -18"><span class='ocrx_word' id='word_1_97' title='bbox 195 1639 286 1700; x_wconf 89' lang='lat' dir='ltr'>etiam</span> <span class='ocrx_word' id='word_1_98' title='bbox 306 1638 345 1697; x_wconf 92' lang='lat' dir='ltr'>sit</span> <span class='ocrx_word' id='word_1_99' title='bbox 365 1657 491 1717; x_wconf 89' lang='lat' dir='ltr'>operosa</span> <span class='ocrx_word' id='word_1_100' title='bbox 511 1649 542 1696; x_wconf 90' lang='lat' dir='ltr'>et</span> <span class='ocrx_word' id='word_1_101' title='bbox 561 1657 681 1716; x_wconf 85' lang='lat' dir='ltr'>semper</span> <span class='ocrx_word' id='word_1_102' title='bbox 700 1631 791 1716; x_wconf 79' lang='lat' dir='ltr'>ag&#39;ens</span> <span class='ocrx_word' id='word_1_103' title='bbox 811 1637 933 1718; x_wconf 87' lang='lat' dir='ltr'>aliquid,</span> <span class='ocrx_word' id='word_1_104' title='bbox 951 1650 982 1698; x_wconf 91' lang='lat' dir='ltr'>et</span> <span class='ocrx_word' id='word_1_105' title='bbox 1001 1640 1146 1711; x_wconf 86' lang='lat' dir='ltr'>moliens;</span> 
     </span>
     <span class='ocr_line' id='line_1_15' title="bbox 194 1733 1146 1814; baseline 0.001 -20"><span class='ocrx_word' id='word_1_106' title='bbox 194 1736 254 1794; x_wconf 87' lang='lat' dir='ltr'>tale</span> <span class='ocrx_word' id='word_1_107' title='bbox 268 1733 392 1803; x_wconf 87' lang='lat' dir='ltr'>scilicet,</span> <span class='ocrx_word' id='word_1_108' title='bbox 402 1734 489 1810; x_wconf 87' lang='lat' dir='ltr'>quale</span> <span class='ocrx_word' id='word_1_109' title='bbox 503 1733 647 1811; x_wconf 88' lang='lat' dir='ltr'>cujusque</span> <span class='ocrx_word' id='word_1_110' title='bbox 660 1734 790 1793; x_wconf 91' lang='lat' dir='ltr'>studium</span> <span class='ocrx_word' id='word_1_111' title='bbox 803 1735 843 1808; x_wconf 76' lang='lat' dir='ltr'>in,</span> <span class='ocrx_word' id='word_1_112' title='bbox 850 1735 1003 1814; x_wconf 79' lang='lat' dir='ltr'>superiore</span> <span class='ocrx_word' id='word_1_113' title='bbox 1013 1735 1073 1794; x_wconf 85' lang='lat' dir='ltr'>vite</span> <span class='ocrx_word' id='word_1_114' title='bbox 1082 1735 1146 1796; x_wconf 84' lang='lat' dir='ltr'>fuit.</span> 
     </span>
     <span class='ocr_line' id='line_1_16' title="bbox 193 1827 1147 1910; baseline 0.009 -25"><span class='ocrx_word' id='word_1_115' title='bbox 193 1828 292 1901; x_wconf 84' lang='lat' dir='ltr'>Quid,</span> <span class='ocrx_word' id='word_1_116' title='bbox 314 1827 367 1905; x_wconf 90' lang='lat' dir='ltr'>qui</span> <span class='ocrx_word' id='word_1_117' title='bbox 389 1829 480 1888; x_wconf 87' lang='lat' dir='ltr'>etiam</span> <span class='ocrx_word' id='word_1_118' title='bbox 494 1827 651 1888; x_wconf 88' lang='lat' dir='ltr'>addiscunt</span> <span class='ocrx_word' id='word_1_119' title='bbox 663 1831 796 1910; x_wconf 83' lang='lat' dir='ltr'>aliquidl</span> <span class='ocrx_word' id='word_1_120' title='bbox 817 1845 851 1892; x_wconf 92' lang='lat' dir='ltr'>ut</span> <span class='ocrx_word' id='word_1_121' title='bbox 861 1832 1004 1892; x_wconf 89' lang='lat' dir='ltr'>Solonem</span> <span class='ocrx_word' id='word_1_122' title='bbox 1013 1834 1147 1894; x_wconf 78' lang='lat' dir='ltr'>versibus</span> 
     </span>
     <span class='ocr_line' id='line_1_17' title="bbox 194 1923 1146 2005; baseline 0.007 -24"><span class='ocrx_word' id='word_1_123' title='bbox 194 1924 373 2002; x_wconf 77' lang='lat' dir='ltr'>gloriantem</span> <span class='ocrx_word' id='word_1_124' title='bbox 389 1923 534 1995; x_wconf 83' lang='lat' dir='ltr'>videmus,</span> <span class='ocrx_word' id='word_1_125' title='bbox 548 1923 601 2002; x_wconf 87' lang='lat' dir='ltr'>qui</span> <span class='ocrx_word' id='word_1_126' title='bbox 617 1945 650 1984; x_wconf 90' lang='lat' dir='ltr'>se</span> <span class='ocrx_word' id='word_1_127' title='bbox 664 1926 798 2005; x_wconf 89' lang='lat' dir='ltr'>quotidie</span> <span class='ocrx_word' id='word_1_128' title='bbox 815 1926 928 2004; x_wconf 87' lang='lat' dir='ltr'>aliquid</span> <span class='ocrx_word' id='word_1_129' title='bbox 943 1926 1146 1988; x_wconf 77' lang='lat' dir='ltr'>addiscentem</span> 
     </span>
     <span class='ocr_line' id='line_1_18' title="bbox 194 2019 1146 2101; baseline 0.008 -24"><span class='ocrx_word' id='word_1_130' title='bbox 194 2019 268 2078; x_wconf 89' lang='lat' dir='ltr'>dicit</span> <span class='ocrx_word' id='word_1_131' title='bbox 287 2039 392 2080; x_wconf 86' lang='lat' dir='ltr'>senem</span> <span class='ocrx_word' id='word_1_132' title='bbox 411 2020 495 2092; x_wconf 87' lang='lat' dir='ltr'>fieri;</span> <span class='ocrx_word' id='word_1_133' title='bbox 516 2033 550 2079; x_wconf 92' lang='lat' dir='ltr'>nt</span> <span class='ocrx_word' id='word_1_134' title='bbox 569 2039 628 2101; x_wconf 79' lang='lat' dir='ltr'>ego</span> <span class='ocrx_word' id='word_1_135' title='bbox 644 2021 712 2092; x_wconf 87' lang='lat' dir='ltr'>feci,</span> <span class='ocrx_word' id='word_1_136' title='bbox 725 2023 777 2101; x_wconf 92' lang='lat' dir='ltr'>qui</span> <span class='ocrx_word' id='word_1_137' title='bbox 794 2023 917 2082; x_wconf 71' lang='lat' dir='ltr'>(imeae</span> <span class='ocrx_word' id='word_1_138' title='bbox 933 2023 1033 2083; x_wconf 85' lang='lat' dir='ltr'>literas</span> <span class='ocrx_word' id='word_1_139' title='bbox 1053 2044 1146 2085; x_wconf 86' lang='lat' dir='ltr'>senex</span> 
     </span>
     <span class='ocr_line' id='line_1_19' title="bbox 194 2113 1147 2197; baseline 0.006 -24"><span class='ocrx_word' id='word_1_140' title='bbox 194 2113 303 2175; x_wconf 86' lang='lat' dir='ltr'>didici:</span> <span class='ocrx_word' id='word_1_141' title='bbox 328 2135 402 2193; x_wconf 90' lang='lat' dir='ltr'>quas</span> <span class='ocrx_word' id='word_1_142' title='bbox 420 2114 541 2195; x_wconf 88' lang='lat' dir='ltr'>quidem</span> <span class='ocrx_word' id='word_1_143' title='bbox 562 2116 607 2176; x_wconf 87' lang='lat' dir='ltr'>sic</span> <span class='ocrx_word' id='word_1_144' title='bbox 628 2117 714 2178; x_wconf 84' lang='lat' dir='ltr'>avide</span> <span class='ocrx_word' id='word_1_145' title='bbox 735 2117 856 2197; x_wconf 74' lang='lat' dir='ltr'>arripui,</span> <span class='ocrx_word' id='word_1_146' title='bbox 874 2119 961 2197; x_wconf 90' lang='lat' dir='ltr'>quasi</span> <span class='ocrx_word' id='word_1_147' title='bbox 977 2119 1147 2180; x_wconf 89' lang='lat' dir='ltr'>diuturnam</span> 
     </span>
     <span class='ocr_line' id='line_1_20' title="bbox 193 2199 1146 2294; baseline 0.008 -26"><span class='ocrx_word' id='word_1_148' title='bbox 193 2208 273 2268; x_wconf 89' lang='lat' dir='ltr'>sitim</span> <span class='ocrx_word' id='word_1_149' title='bbox 286 2213 411 2290; x_wconf 89' lang='lat' dir='ltr'>explere</span> <span class='ocrx_word' id='word_1_150' title='bbox 427 2211 561 2291; x_wconf 87' lang='lat' dir='ltr'>cupiens,</span> <span class='ocrx_word' id='word_1_151' title='bbox 575 2226 659 2286; x_wconf 73' lang='lat' dir='ltr'>ntea</span> <span class='ocrx_word' id='word_1_152' title='bbox 671 2213 737 2294; x_wconf 88' lang='lat' dir='ltr'>ipsa</span> <span class='ocrx_word' id='word_1_153' title='bbox 749 2199 821 2272; x_wconf 88' lang='lat' dir='ltr'>mihi</span> <span class='ocrx_word' id='word_1_154' title='bbox 834 2227 905 2274; x_wconf 86' lang='lat' dir='ltr'>nota</span> <span class='ocrx_word' id='word_1_155' title='bbox 917 2226 1027 2285; x_wconf 83' lang='lat' dir='ltr'>essent,</span> <span class='ocrx_word' id='word_1_156' title='bbox 1039 2215 1146 2294; x_wconf 86' lang='lat' dir='ltr'>quibus</span> 
     </span>
     <span class='ocr_line' id='line_1_21' title="bbox 193 2308 1145 2388; baseline 0.006 -24"><span class='ocrx_word' id='word_1_157' title='bbox 193 2325 242 2365; x_wconf 90' lang='lat' dir='ltr'>me</span> <span class='ocrx_word' id='word_1_158' title='bbox 250 2327 329 2367; x_wconf 89' lang='lat' dir='ltr'>nnnc</span> <span class='ocrx_word' id='word_1_159' title='bbox 337 2308 485 2388; x_wconf 88' lang='lat' dir='ltr'>exemplis</span> <span class='ocrx_word' id='word_1_160' title='bbox 493 2308 537 2368; x_wconf 88' lang='lat' dir='ltr'>uti</span> <span class='ocrx_word' id='word_1_161' title='bbox 545 2309 661 2370; x_wconf 84' lang='lat' dir='ltr'>videtis.</span> <span class='ocrx_word' id='word_1_162' title='bbox 695 2309 789 2381; x_wconf 87' lang='lat' dir='ltr'>Quod</span> <span class='ocrx_word' id='word_1_163' title='bbox 799 2309 981 2369; x_wconf 81' lang='lat' dir='ltr'>cnmsecisse</span> <span class='ocrx_word' id='word_1_164' title='bbox 990 2309 1145 2370; x_wconf 78' lang='lat' dir='ltr'>Socratem</span> 
     </span>
     <span class='ocr_line' id='line_1_22' title="bbox 192 2401 1147 2485; baseline 0.006 -25"><span class='ocrx_word' id='word_1_165' title='bbox 192 2401 222 2460; x_wconf 90' lang='lat' dir='ltr'>in</span> <span class='ocrx_word' id='word_1_166' title='bbox 232 2401 340 2463; x_wconf 87' lang='lat' dir='ltr'>fidibus</span> <span class='ocrx_word' id='word_1_167' title='bbox 356 2404 499 2474; x_wconf 82' lang='lat' dir='ltr'>audirem,</span> <span class='ocrx_word' id='word_1_168' title='bbox 511 2405 619 2464; x_wconf 83' lang='lat' dir='ltr'>vellem</span> <span class='ocrx_word' id='word_1_169' title='bbox 634 2403 774 2482; x_wconf 86' lang='lat' dir='ltr'>equidem</span> <span class='ocrx_word' id='word_1_170' title='bbox 789 2403 880 2465; x_wconf 89' lang='lat' dir='ltr'>etiam</span> <span class='ocrx_word' id='word_1_171' title='bbox 894 2404 970 2464; x_wconf 90' lang='lat' dir='ltr'>illud</span> <span class='ocrx_word' id='word_1_172' title='bbox 981 2404 1147 2485; x_wconf 77' lang='lat' dir='ltr'>(discebant</span> 
     </span>
     <span class='ocr_line' id='line_1_23' title="bbox 193 2497 1050 2574; baseline 0.007 -19"><span class='ocrx_word' id='word_1_173' title='bbox 193 2497 272 2555; x_wconf 88' lang='lat' dir='ltr'>enim</span> <span class='ocrx_word' id='word_1_174' title='bbox 287 2497 396 2557; x_wconf 85' lang='lat' dir='ltr'>fidibus</span> <span class='ocrx_word' id='word_1_175' title='bbox 411 2498 536 2574; x_wconf 90' lang='lat' dir='ltr'>antiqui)</span> <span class='ocrx_word' id='word_1_176' title='bbox 548 2519 556 2556; x_wconf 76' lang='lat' dir='ltr'>s</span> <span class='ocrx_word' id='word_1_177' title='bbox 577 2497 631 2555; x_wconf 90' lang='lat' dir='ltr'>sed</span> <span class='ocrx_word' id='word_1_178' title='bbox 645 2498 675 2556; x_wconf 89' lang='lat' dir='ltr'>in</span> <span class='ocrx_word' id='word_1_179' title='bbox 689 2497 783 2558; x_wconf 86' lang='lat' dir='ltr'>literis</span> <span class='ocrx_word' id='word_1_180' title='bbox 797 2512 877 2560; x_wconf 89' lang='lat' dir='ltr'>certe</span> <span class='ocrx_word' id='word_1_181' title='bbox 892 2500 1050 2561; x_wconf 79' lang='lat' dir='ltr'>elaboravi.</span> 
     </span>
    </p>
   </div>
   <div class='ocr_carea' id='block_1_3' title="bbox 189 2683 1146 3839">
    <p class='ocr_par' dir='ltr' id='par_1_4' title="bbox 189 2683 1146 3839">
     <span class='ocr_line' id='line_1_24' title="bbox 233 2683 1146 2764; baseline 0.014 -22"><span class='ocrx_word' id='word_1_182' title='bbox 233 2683 290 2742; x_wconf 88' lang='lat' dir='ltr'>IX.</span> <span class='ocrx_word' id='word_1_183' title='bbox 310 2687 359 2743; x_wconf 82' lang='lat'>27.</span> <span class='ocrx_word' id='word_1_184' title='bbox 376 2683 445 2743; x_wconf 87' lang='lat' dir='ltr'>Nec</span> <span class='ocrx_word' id='word_1_185' title='bbox 460 2705 540 2744; x_wconf 90' lang='lat' dir='ltr'>nunc</span> <span class='ocrx_word' id='word_1_186' title='bbox 558 2685 680 2764; x_wconf 88' lang='lat' dir='ltr'>quidem</span> <span class='ocrx_word' id='word_1_187' title='bbox 696 2688 773 2748; x_wconf 84' lang='lat' dir='ltr'>vires</span> <span class='ocrx_word' id='word_1_188' title='bbox 790 2691 930 2752; x_wconf 88' lang='lat' dir='ltr'>desidero</span> <span class='ocrx_word' id='word_1_189' title='bbox 950 2691 1146 2754; x_wconf 85' lang='lat' dir='ltr'>adolescentis</span> 
     </span>
     <span class='ocr_line' id='line_1_25' title="bbox 194 2777 1145 2868; baseline 0.014 -32"><span class='ocrx_word' id='word_1_190' title='bbox 194 2777 233 2855; x_wconf 85' lang='lat' dir='ltr'>(is</span> <span class='ocrx_word' id='word_1_191' title='bbox 253 2779 333 2837; x_wconf 90' lang='lat' dir='ltr'>enim</span> <span class='ocrx_word' id='word_1_192' title='bbox 354 2791 418 2838; x_wconf 87' lang='lat' dir='ltr'>erat</span> <span class='ocrx_word' id='word_1_193' title='bbox 433 2779 519 2839; x_wconf 89' lang='lat' dir='ltr'>locus</span> <span class='ocrx_word' id='word_1_194' title='bbox 540 2782 618 2841; x_wconf 85' lang='lat' dir='ltr'>alter</span> <span class='ocrx_word' id='word_1_195' title='bbox 633 2783 672 2843; x_wconf 90' lang='lat' dir='ltr'>de</span> <span class='ocrx_word' id='word_1_196' title='bbox 689 2783 767 2845; x_wconf 83' lang='lat' dir='ltr'>vitiis</span> <span class='ocrx_word' id='word_1_197' title='bbox 787 2787 971 2865; x_wconf 77' lang='lat' dir='ltr'>senectutis),</span> <span class='ocrx_word' id='word_1_198' title='bbox 987 2808 1048 2848; x_wconf 90' lang='lat' dir='ltr'>non</span> <span class='ocrx_word' id='word_1_199' title='bbox 1067 2791 1145 2868; x_wconf 89' lang='lat' dir='ltr'>plus,</span> 
     </span>
     <span class='ocr_line' id='line_1_26' title="bbox 193 2873 1145 2959; baseline 0.016 -28"><span class='ocrx_word' id='word_1_200' title='bbox 193 2893 283 2953; x_wconf 88' lang='lat' dir='ltr'>quam</span> <span class='ocrx_word' id='word_1_201' title='bbox 296 2873 466 2936; x_wconf 86' lang='lat' dir='ltr'>adolescens</span> <span class='ocrx_word' id='word_1_202' title='bbox 480 2876 566 2946; x_wconf 81' lang='lat' dir='ltr'>tauri,</span> <span class='ocrx_word' id='word_1_203' title='bbox 577 2891 628 2937; x_wconf 88' lang='lat' dir='ltr'>aut</span> <span class='ocrx_word' id='word_1_204' title='bbox 638 2879 788 2959; x_wconf 87' lang='lat' dir='ltr'>elephanti</span> <span class='ocrx_word' id='word_1_205' title='bbox 798 2881 1015 2944; x_wconf 81' lang='lat' dir='ltr'>desiderabam.</span> <span class='ocrx_word' id='word_1_206' title='bbox 1052 2883 1145 2957; x_wconf 82' lang='lat' dir='ltr'>Quod</span> 
     </span>
     <span class='ocr_line' id='line_1_27' title="bbox 192 2967 1144 3060; baseline 0.013 -30"><span class='ocrx_word' id='word_1_207' title='bbox 192 2981 246 3039; x_wconf 87' lang='lat' dir='ltr'>est,</span> <span class='ocrx_word' id='word_1_208' title='bbox 267 2989 306 3028; x_wconf 89' lang='lat' dir='ltr'>eo</span> <span class='ocrx_word' id='word_1_209' title='bbox 327 2969 417 3030; x_wconf 85' lang='lat' dir='ltr'>decet</span> <span class='ocrx_word' id='word_1_210' title='bbox 437 2971 491 3044; x_wconf 91' lang='lat' dir='ltr'>uti,</span> <span class='ocrx_word' id='word_1_211' title='bbox 509 2967 548 3043; x_wconf 78' lang='lat' dir='ltr'>et,</span> <span class='ocrx_word' id='word_1_212' title='bbox 565 2973 709 3054; x_wconf 88' lang='lat' dir='ltr'>quidquid</span> <span class='ocrx_word' id='word_1_213' title='bbox 731 2997 808 3056; x_wconf 84' lang='lat' dir='ltr'>agas,</span> <span class='ocrx_word' id='word_1_214' title='bbox 828 3000 921 3059; x_wconf 85' lang='lat' dir='ltr'>agere</span> <span class='ocrx_word' id='word_1_215' title='bbox 943 3002 999 3060; x_wconf 90' lang='lat' dir='ltr'>pro</span> <span class='ocrx_word' id='word_1_216' title='bbox 1021 2980 1144 3052; x_wconf 80' lang='lat' dir='ltr'>viribus.</span> 
     </span>
     <span class='ocr_line' id='line_1_28' title="bbox 192 3065 1143 3153; baseline 0.018 -31"><span class='ocrx_word' id='word_1_217' title='bbox 192 3065 273 3138; x_wconf 71' lang='lat' dir='ltr'>Qua</span> <span class='ocrx_word' id='word_1_218' title='bbox 287 3065 366 3126; x_wconf 90' lang='lat' dir='ltr'>enim</span> <span class='ocrx_word' id='word_1_219' title='bbox 380 3085 438 3126; x_wconf 79' lang='lat' dir='ltr'>vox</span> <span class='ocrx_word' id='word_1_220' title='bbox 449 3079 547 3148; x_wconf 87' lang='lat' dir='ltr'>potest</span> <span class='ocrx_word' id='word_1_221' title='bbox 560 3089 626 3130; x_wconf 90' lang='lat' dir='ltr'>esse</span> <span class='ocrx_word' id='word_1_222' title='bbox 640 3074 822 3144; x_wconf 87' lang='lat' dir='ltr'>contemtior,</span> <span class='ocrx_word' id='word_1_223' title='bbox 836 3096 925 3153; x_wconf 90' lang='lat' dir='ltr'>quam</span> <span class='ocrx_word' id='word_1_224' title='bbox 937 3076 1059 3137; x_wconf 89' lang='lat' dir='ltr'>Milonis</span> <span class='ocrx_word' id='word_1_225' title='bbox 1069 3079 1143 3138; x_wconf 81' lang='lat' dir='ltr'>Om-</span> 
     </span>
     <span class='ocr_line' id='line_1_29' title="bbox 192 3159 1142 3252; baseline 0.014 -31"><span class='ocrx_word' id='word_1_226' title='bbox 192 3159 332 3222; x_wconf 76' lang='lat' dir='ltr'>toniataei</span> <span class='ocrx_word' id='word_1_227' title='bbox 354 3160 414 3240; x_wconf 88' lang='lat' dir='ltr'>qni,</span> <span class='ocrx_word' id='word_1_228' title='bbox 426 3183 495 3223; x_wconf 92' lang='lat' dir='ltr'>cum</span> <span class='ocrx_word' id='word_1_229' title='bbox 507 3163 569 3243; x_wconf 87' lang='lat' dir='ltr'>jam</span> <span class='ocrx_word' id='word_1_230' title='bbox 583 3185 677 3226; x_wconf 85' lang='lat' dir='ltr'>senex</span> <span class='ocrx_word' id='word_1_231' title='bbox 692 3181 777 3238; x_wconf 88' lang='lat' dir='ltr'>esset,</span> <span class='ocrx_word' id='word_1_232' title='bbox 788 3171 973 3252; x_wconf 86' lang='lat' dir='ltr'>athletasque</span> <span class='ocrx_word' id='word_1_233' title='bbox 987 3193 1019 3232; x_wconf 86' lang='lat' dir='ltr'>se</span> <span class='ocrx_word' id='word_1_234' title='bbox 1033 3173 1064 3232; x_wconf 90' lang='lat' dir='ltr'>in</span> <span class='ocrx_word' id='word_1_235' title='bbox 1077 3194 1142 3234; x_wconf 88' lang='lat' dir='ltr'>cur·</span> 
     </span>
     <span class='ocr_line' id='line_1_30' title="bbox 190 3257 1142 3346; baseline 0.011 -28"><span class='ocrx_word' id='word_1_236' title='bbox 190 3257 284 3318; x_wconf 85' lang='lat' dir='ltr'>riculo</span> <span class='ocrx_word' id='word_1_237' title='bbox 297 3269 469 3319; x_wconf 83' lang='lat' dir='ltr'>exercentes</span> <span class='ocrx_word' id='word_1_238' title='bbox 482 3257 605 3346; x_wconf 71' lang='lat' dir='ltr'>videret,</span> <span class='ocrx_word' id='word_1_239' title='bbox 616 3260 790 3340; x_wconf 87' lang='lat' dir='ltr'>adspexisse</span> <span class='ocrx_word' id='word_1_240' title='bbox 803 3266 929 3325; x_wconf 84' lang='lat' dir='ltr'>lacertos</span> <span class='ocrx_word' id='word_1_241' title='bbox 943 3287 1012 3326; x_wconf 87' lang='lat' dir='ltr'>suos</span> <span class='ocrx_word' id='word_1_242' title='bbox 1023 3268 1142 3341; x_wconf 90' lang='lat' dir='ltr'>dicitur,</span> 
     </span>
     <span class='ocr_line' id='line_1_31' title="bbox 190 3353 1142 3442; baseline 0.012 -28"><span class='ocrx_word' id='word_1_243' title='bbox 190 3353 431 3434; x_wconf 81' lang='lat' dir='ltr'>illacrimansque</span> <span class='ocrx_word' id='word_1_244' title='bbox 458 3353 579 3428; x_wconf 83' lang='lat' dir='ltr'>dixisse,</span> <span class='ocrx_word' id='word_1_245' title='bbox 610 3355 652 3415; x_wconf 75' lang='lat' dir='ltr'>Aa</span> <span class='ocrx_word' id='word_1_246' title='bbox 670 3357 703 3415; x_wconf 78' lang='lat' dir='ltr'>lai</span> <span class='ocrx_word' id='word_1_247' title='bbox 723 3358 838 3435; x_wconf 75' lang='lat' dir='ltr'>quidem</span> <span class='ocrx_word' id='word_1_248' title='bbox 859 3365 965 3420; x_wconf 79' lang='lat' dir='ltr'>mortui</span> <span class='ocrx_word' id='word_1_249' title='bbox 977 3363 1048 3442; x_wconf 82' lang='lat' dir='ltr'>jam</span> <span class='ocrx_word' id='word_1_250' title='bbox 1068 3375 1142 3424; x_wconf 70' lang='lat' dir='ltr'>aaut.</span> 
     </span>
     <span class='ocr_line' id='line_1_32' title="bbox 191 3449 1143 3537; baseline 0.008 -26"><span class='ocrx_word' id='word_1_251' title='bbox 191 3451 262 3511; x_wconf 90' lang='lat' dir='ltr'>Non</span> <span class='ocrx_word' id='word_1_252' title='bbox 278 3469 351 3512; x_wconf 78' lang='lat' dir='ltr'>vero</span> <span class='ocrx_word' id='word_1_253' title='bbox 367 3461 428 3512; x_wconf 85' lang='lat' dir='ltr'>tam</span> <span class='ocrx_word' id='word_1_254' title='bbox 440 3449 500 3523; x_wconf 87' lang='lat' dir='ltr'>isti,</span> <span class='ocrx_word' id='word_1_255' title='bbox 513 3469 603 3531; x_wconf 85' lang='lat' dir='ltr'>quam</span> <span class='ocrx_word' id='word_1_256' title='bbox 619 3463 652 3512; x_wconf 91' lang='lat' dir='ltr'>tu</span> <span class='ocrx_word' id='word_1_257' title='bbox 666 3450 731 3531; x_wconf 87' lang='lat' dir='ltr'>ipse</span> <span class='ocrx_word' id='word_1_258' title='bbox 746 3457 890 3532; x_wconf 83' lang='lat' dir='ltr'>nugatorl</span> <span class='ocrx_word' id='word_1_259' title='bbox 933 3458 1044 3537; x_wconf 88' lang='lat' dir='ltr'>Neque</span> <span class='ocrx_word' id='word_1_260' title='bbox 1061 3460 1143 3520; x_wconf 88' lang='lat' dir='ltr'>enim</span> 
     </span>
     <span class='ocr_line' id='line_1_33' title="bbox 190 3545 1142 3626; baseline 0.007 -23"><span class='ocrx_word' id='word_1_261' title='bbox 190 3563 229 3603; x_wconf 88' lang='lat' dir='ltr'>ex</span> <span class='ocrx_word' id='word_1_262' title='bbox 246 3557 276 3605; x_wconf 87' lang='lat' dir='ltr'>te</span> <span class='ocrx_word' id='word_1_263' title='bbox 293 3565 423 3626; x_wconf 88' lang='lat' dir='ltr'>unquam</span> <span class='ocrx_word' id='word_1_264' title='bbox 440 3566 473 3610; x_wconf 81' lang='lat' dir='ltr'>aa</span> <span class='ocrx_word' id='word_1_265' title='bbox 490 3545 673 3620; x_wconf 84' lang='lat' dir='ltr'>nobilitatus,</span> <span class='ocrx_word' id='word_1_266' title='bbox 690 3545 743 3610; x_wconf 89' lang='lat' dir='ltr'>sed</span> <span class='ocrx_word' id='word_1_267' title='bbox 760 3569 799 3608; x_wconf 87' lang='lat' dir='ltr'>ex</span> <span class='ocrx_word' id='word_1_268' title='bbox 815 3551 959 3612; x_wconf 86' lang='lat' dir='ltr'>lateribus</span> <span class='ocrx_word' id='word_1_269' title='bbox 975 3565 1007 3612; x_wconf 89' lang='lat' dir='ltr'>et</span> <span class='ocrx_word' id='word_1_270' title='bbox 1022 3554 1142 3612; x_wconf 84' lang='lat' dir='ltr'>lacertis</span> 
     </span>
     <span class='ocr_line' id='line_1_34' title="bbox 189 3638 1140 3716; baseline 0.005 -20"><span class='ocrx_word' id='word_1_271' title='bbox 189 3638 256 3696; x_wconf 90' lang='lat' dir='ltr'>tuis.</span> <span class='ocrx_word' id='word_1_272' title='bbox 297 3641 381 3702; x_wconf 88' lang='lat' dir='ltr'>Nihil</span> <span class='ocrx_word' id='word_1_273' title='bbox 400 3641 581 3704; x_wconf 61' lang='lat' dir='ltr'>Sanmites</span> <span class='ocrx_word' id='word_1_274' title='bbox 602 3645 671 3716; x_wconf 89' lang='lat' dir='ltr'>tale,</span> <span class='ocrx_word' id='word_1_275' title='bbox 689 3643 762 3705; x_wconf 87' lang='lat' dir='ltr'>nihil</span> <span class='ocrx_word' id='word_1_276' title='bbox 782 3647 881 3708; x_wconf 89' lang='lat' dir='ltr'>multis</span> <span class='ocrx_word' id='word_1_277' title='bbox 902 3648 986 3708; x_wconf 89' lang='lat' dir='ltr'>annis</span> <span class='ocrx_word' id='word_1_278' title='bbox 1007 3660 1074 3706; x_wconf 87' lang='lat' dir='ltr'>ante</span> <span class='ocrx_word' id='word_1_279' title='bbox 1093 3646 1140 3702; x_wconf 90' lang='lat' dir='ltr'>Ti.</span> 
     </span>
     <span class='ocr_line' id='line_1_35' title="bbox 190 3731 1140 3839; baseline 0.015 -48"><span class='ocrx_word' id='word_1_280' title='bbox 190 3731 404 3810; x_wconf 82' lang='lat' dir='ltr'>Coruncanius,</span> <span class='ocrx_word' id='word_1_281' title='bbox 416 3737 490 3798; x_wconf 89' lang='lat' dir='ltr'>nihil</span> <span class='ocrx_word' id='word_1_282' title='bbox 503 3737 592 3800; x_wconf 87' lang='lat' dir='ltr'>modo</span> <span class='ocrx_word' id='word_1_283' title='bbox 603 3737 640 3800; x_wconf 84' lang='lat' dir='ltr'>P.</span> <span class='ocrx_word' id='word_1_284' title='bbox 649 3739 783 3839; x_wconf 63' lang='lat' dir='ltr'>quassus,</span> <span class='ocrx_word' id='word_1_285' title='bbox 795 3762 813 3802; x_wconf 88' lang='lat' dir='ltr'>a</span> <span class='ocrx_word' id='word_1_286' title='bbox 826 3743 934 3823; x_wconf 89' lang='lat' dir='ltr'>quibus</span> <span class='ocrx_word' id='word_1_287' title='bbox 940 3743 1013 3822; x_wconf 85' lang='lat' dir='ltr'>jara</span> <span class='ocrx_word' id='word_1_288' title='bbox 1026 3737 1140 3799; x_wconf 76' lang='lat' dir='ltr'>civibus</span> 
     </span>
    </p>
   </div>
   <div class='ocr_carea' id='block_1_4' title="bbox 0 0 1336 4508">
    <p class='ocr_par' dir='ltr' id='par_1_5' title="bbox 0 0 1336 4508">
     <span class='ocr_line' id='line_1_36' title="bbox 0 0 1336 4508; baseline 0 1"><span class='ocrx_word' id='word_1_289' title='bbox 0 0 1336 4508; x_wconf 95' lang='lat' dir='ltr'> </span> 
     </span>
    </p>
   </div>
  </div>
 </body>
</html>
