2664 4508
420 447 491 489 ιιιιι
508 447 548 490 uu
569 445 835 492 rumine-our.
849 409 882 490 1⁶1.
1083 429 1124 492 ³7

178 593 239 639 tom
256 591 287 637 et
303 579 501 656 appollent'et
517 577 693 637 existimant.
743 579 945 638 Tribuebatur
959 578 1016 639 hoo
1036 581 1126 640 modo

180 674 222 732 M.
232 673 356 733 Catoni:
377 672 486 749 soin'rus
500 673 537 731 L.
545 672 672 730 Atilium
686 672 765 751 opud
779 687 877 752 patres
892 686 1007 732 nostros
1025 678 1126 754 appel-

177 771 353 827 latum'osso
374 767 554 846 sapientem
576 767 629 826 sed
645 779 771 844 uterque
792 768 850 828 elio
866 768 997 846 quodam
1016 770 1124 828 modo:

178 863 297 932 Atilius,
312 863 383 940 quia
395 861 528 940 prudens
542 881 606 920 esse
620 862 650 920 iu
662 862 733 940 jure
750 861 830 921 civili
843 865 1018 941 putabatur3
1041 864 1126 933 Coto,'

178 957 246 1034 quio
269 959 425 1016 multarum
449 976 549 1014 rerum
572 975 660 1014 usum
677 957 806 1017 habebat
827 956 942 1041 (multe
956 959 1021 1036 ejus
1043 971 1074 1016 et
1094 958 1127 1018 in

177 1055 291 1124 seuam,
306 1067 336 1112 et
349 1055 381 1111 iu
394 1054 458 1112 foro
472 1055 519 1112 vel
532 1053 651 1132 proviso
663 1053 833 1131 prudentor,
847 1057 895 1112 vel
910 1067 976 1114 acta
993 1070 1125 1115 consten-

177 1153 232 1217 terj
246 1150 293 1206 vel
307 1167 450 1225 responsa
470 1159 555 1204 eoute
569 1147 768 1223 ferebantur);
789 1160 948 1227 propterea
962 1151 1044 1227 quasi
1057 1171 1125 1230 cog·

177 1247 288 1303 nomeu
303 1243 367 1320 jum
387 1242 517 1299 habebat
536 1240 568 1300 in
590 1254 743 1305 senectute
766 1243 916 1321 sepientis.
958 1245 1005 1302 To
1027 1258 1127 1304 sutem

179 1337 237 1394 alio
255 1335 381 1412 quodum
398 1335 495 1404 modo,
512 1353 571 1392 non
587 1336 682 1393 solum
700 1346 804 1394 natura
820 1349 852 1396 et
867 1337 1007 1408 moribus,
1024 1358 1128 1398 verium

178 1431 270 1488 etiem
284 1429 382 1486 studio
394 1441 425 1487 ot
435 1428 570 1487 doctrina
583 1449 647 1488 esse
657 1424 913 1508 sapientem3'ueo
927 1425 1127 1510 sicutvulgus,

178 1524 233 1587 sed
246 1536 277 1582 ut
291 1523 400 1582 eruditi
409 1524 510 1582 'solent
520 1525 677 1607 ¹appellere
693 1525 868 1604 sapientem,
883 1528 1000 1604 qualem
1014 1528 1044 1585 in
1061 1528 1128 1585 reli·

180 1639 237 1696 que
254 1609 372 1678 Grecis
387 1619 556 1690 neminem
579 1623 606 1677 ⁷.
623 1618 714 1698 (uam,
733 1620 783 1698 qui
799 1633 915 1699 septem
932 1623 1126 1701 appellantur,

179 1735 239 1783 eos,
254 1714 305 1792 qui
319 1714 375 1772 ista
388 1713 524 1772 subtilius
537 1725 680 1790 quaerunt,
694 1715 724 1771 iu
738 1735 862 1774 numero
876 1716 1054 1794 sapientium
1068 1739 1128 1775 uon

179 1808 318 1885 habeut):
339 1807 466 1866 Athenis
480 1828 572 1866 unum
587 1809 766 1887 accepimus,
778 1815 809 1867 et
822 1831 891 1868 eum
906 1809 1026 1887 quidem
1040 1811 1128 1872 etiam

179 1901 328 1980 Apollinis
345 1901 465 1959 oraculo
481 1899 727 1978 sapientissimum
739 1900 907 1979 judicatum
917 1904 1044 1972 3-hano
1061 1923 1128 1962 esse

181 1994 212 2052 in
224 2007 253 2053 to
264 1991 436 2074 supientiani
447 1994 622 2063 existimant,
632 2006 665 2052 ut
674 1995 774 2068 omnia
784 2007 835 2055 tua
844 1995 875 2054 in
885 2008 916 2055 te
925 1997 1021 2075 posito
1029 1997 1128 2068 duces,

180 2075 385 2167 humuuosque'
395 2109 479 2147 ossus
489 2089 596 2146 virtute
607 2088 762 2148 inferiores
772 2101 868 2167 putes.
908 2077 1013 2168 Itaque
1028 2111 1066 2150 ex
1081 2112 1129 2151 mo

182 2197 327 2263 quaeruut,
339 2183 426 2244 credo
438 2183 511 2242 item
526 2203 565 2242 ex
591 2182 738 2252 Scaevolu'
759 2197 888 2260 quonam
902 2199 990 2262 pacto
1004 2199 1130 2246 mortem

181 2279 315 2339 Africani
332 2279 427 2338 ferus:
451 2298 548 2356 eoque
570 2278 674 2356 magis,
692 2277 771 2355 quod
788 2277 834 2338 bis
854 2279 1001 2356 proximis
1022 2281 1130 2351 Nonis,

181 2397 250 2435 cum
270 2376 301 2433 in
321 2376 419 2434 hortos
436 2375 475 2433 D.
486 2372 573 2434 Bruti
594 2373 725 2452 auguris,
746 2373 965 2432 commentandi
985 2393 1082 2444 causa,
1099 2387 1132 2433 ut

181 2472 298 2539 assolet,
306 2468 500 2538 venissemus,
509 2481 539 2529 tu
552 2488 612 2526 uon
627 2467 742 2538 affuisti,
753 2468 804 2546 qui
814 2467 1041 2546 diligentissimo
1053 2489 1130 2528 sem-

181 2587 237 2644 per
249 2565 334 2624 illum
348 2564 437 2634 diem,
453 2576 483 2622 et
496 2563 571 2622 illud
586 2583 693 2622 munus
708 2563 811 2622 solitus
826 2563 1010 2636 essesobiro.

220 2665 247 2720 8.
266 2643 421 2720 Sourouu.
443 2660 591 2741 Quaerunt
603 2658 735 2742 quidem„
748 2657 783 2718 O.
794 2658 878 2729 Laeli,
893 2646 986 2730 inulti,
1001 2672 1034 2720 ut
1051 2674 1097 2721 est
1113 2683 1131 2722 u

181 2755 298 2816 Fannio
312 2755 442 2830 dietum:
463 2753 517 2812 sed
531 2773 589 2832 ego
601 2753 631 2811 id
645 2754 820 2833 responden,
835 2755 915 2833 quod
929 2755 1130 2829 animadversi,

180 2864 210 2910 to
226 2851 369 2920 dolorem,
384 2871 474 2928 quom
489 2849 640 2927 acceperis
654 2869 721 2908 cum
738 2849 846 2910 summi
860 2849 924 2921 viri,
938 2863 1000 2909 tum
1015 2852 1130 2911 amicis·

181 2945 247 3006 simi
259 2959 361 3016 morte,
372 2945 452 3004 ferro
465 2943 634 3004 moderate:
652 2965 708 3002 nec
722 2944 854 3023 potuisse
868 2965 927 3004 non
941 2948 1129 3018 commoveri,

181 3053 237 3099 uso
253 3041 343 3100 fuisse
361 3041 391 3098 id
405 3038 593 3100 humanitatis
613 3052 689 3111 tuae3
712 3040 792 3117 quod
810 3052 910 3099 autem
924 3040 971 3098 his
986 3040 1083 3099 Nouis
1099 3041 1130 3100 in

181 3146 280 3194 nostro
301 3135 429 3213 collegio
453 3155 513 3194 uon
537 3134 677 3205 affuisses,
698 3135 898 3198 valetudinem
923 3153 1050 3205 causum,
1072 3155 1132 3194 non

181 3231 351 3290 moestitiam
363 3229 463 3288 fuisse.
539 3287 541 3292 ,
588 3291 590 3294 ,
1061 3283 1075 3304 ,λ

222 3313 357 3382 Luuuus.
379 3324 519 3390 Rectotu
530 3323 661 3401 quidem,
675 3324 819 3394 Scaevola,
830 3337 862 3381 ot
871 3343 959 3382 vere:
980 3343 1035 3381 nec
1050 3323 1130 3381 euim

182 3420 219 3476 ob
229 3419 290 3476 isto,
297 3418 401 3488 officio,
410 3417 490 3496 quod
501 3439 622 3497 semper
635 3419 784 3496 usurpavi,
794 3437 861 3476 oum
872 3418 1010 3484 valerem,
1021 3415 1130 3475 obduci

180 3513 373 3572 incommodo
392 3533 461 3572 meo
478 3513 587 3572 debui:
607 3531 664 3569 nec
680 3513 748 3568 ullo¹
758 3529 829 3568 casu
846 3509 972 3567 arbitror
986 3508 1043 3567 hoc
1060 3530 1128 3568 cou-

180 3607 271 3668 stonti
293 3607 404 3667 homini
426 3628 514 3687 posse
539 3605 721 3682 contingere,
742 3615 776 3662 ut
799 3603 860 3661 ulla
881 3602 1058 3662 intermissio
1081 3607 1130 3666 fiat

181 3705 278 3765 officii.
318 3711 345 3764 9.
364 3706 414 3764 Tu
428 3717 538 3774 autom,
549 3699 657 3769 Fanni,
669 3699 720 3776 qui
734 3697 805 3756 mihi
819 3709 933 3756 tuntum
948 3697 1036 3757 tribui
1047 3698 1129 3772 dicis,

182 3813 324 3879 quantum
339 3820 398 3880 ego
411 3819 469 3859 noo
484 3815 623 3878 agnosco,
636 3813 692 3854 uec
705 3795 832 3874 postulo,
847 3792 920 3856 facis
933 3794 1045 3856 amice:
1066 3796 1129 3868 ssd,
