2664 4508
343 474 414 516 srva
434 473 473 514 os
494 474 761 516 amoime-ose.
775 475 852 527 xrv,
865 476 916 517 xv.
1068 465 1108 522 53

153 610 258 686 Atque
273 605 352 664 haud
376 603 447 671 scio,
465 623 503 660 an
523 623 561 660 ne
583 624 658 682 opus
678 605 716 662 sit
736 605 865 681 quidem,
882 604 956 662 nihil
975 627 1107 684 uuquam

153 703 274 762 omnino
285 701 390 757 deesse
403 699 514 757 amicis.
554 699 616 756 Ubi
628 699 707 756 enim
719 699 817 758 studia
827 713 926 758 nostra
937 701 1107 778 viguissent,

154 798 181 856 si
191 811 341 872 nunquam
357 793 488 860 consilio,
499 814 652 870 nunqnam
667 814 757 871 opera
773 807 882 863 nostra,
893 815 949 853 nec
961 795 1041 852 domi
1052 817 1108 854 neo

155 892 270 949 militiae
292 889 394 966 Scipio
416 887 569 964 eguissetl
597 909 656 946 non
676 889 768 966 igitur
788 889 945 948 utilitatem
969 891 1107 961 amicitia,

155 986 209 1044 sad
224 985 336 1042 utilitas
352 982 511 1040 amicitiam
525 996 686 1042 consecuta
699 995 752 1042 est.

184 1174 268 1232 XV.
292 1178 340 1231 52.
361 1173 433 1231 Non
454 1192 526 1249 ergo
547 1185 634 1230 eruut
649 1173 783 1230 homines
805 1173 919 1232 deliciis
941 1173 1108 1232 diffluentes

156 1268 308 1337 audiendi,
319 1265 474 1343 siquando
485 1266 523 1323 de
535 1266 671 1334 amicitia,
683 1265 771 1342 quam
784 1287 841 1325 nec
855 1288 911 1325 usu
926 1288 981 1326 nec
995 1270 1107 1327 ratione

156 1363 268 1420 habent
285 1361 442 1440 cognitam,
457 1360 658 1438 disputabunt.
700 1359 779 1419 Nam
797 1362 862 1438 quis
880 1375 934 1432 est,
950 1383 1002 1440 pro
1019 1363 1107 1422 deum

156 1456 248 1514 fidem
266 1469 353 1532 atque
371 1455 539 1513 hominurn!
563 1455 614 1532 qui
628 1454 707 1523 velit,
722 1467 755 1514 ut
772 1475 870 1531 neque
888 1455 992 1532 diligat
1006 1477 1108 1533 quem·

157 1571 258 1628 quam,
275 1570 331 1608 neo
351 1551 424 1629 ipse.
439 1551 477 1608 ab
497 1551 558 1608 ullo'
578 1545 729 1627 diligatur,
747 1550 951 1611 circumfluere
972 1552 1108 1610 omnibus

157 1645 261 1722 copiis,
274 1657 359 1722 atque
370 1644 400 1701 in
415 1644 548 1702 omnium
563 1641 664 1701 rerum
679 1644 860 1702 abundantia
873 1644 993 1704 vivarel
1031 1646 1108 1705 Haeo

157 1751 202 1797 est
220 1739 301 1796 enim
322 1751 514 1816 tyrannorum
537 1739 605 1807 vita,
625 1739 656 1795 in
679 1759 737 1814 qua
758 1739 897 1796 nimirum
919 1742 1000 1798 nulla
1021 1741 1107 1810 fides,

155 1835 238 1891 nulla
252 1834 368 1903 caritas,
382 1834 464 1891 nulla
480 1833 595 1891 stabilis
610 1833 826 1892 benevolentiae
842 1847 938 1912 potest
955 1856 1019 1893 esse
1033 1837 1107 1895 fidu-

155 1929 220 1999 cia3
242 1929 340 1986 omnia
354 1947 473 2006 semper
489 1941 628 2005 suspecta
645 1941 734 2005 atque
751 1929 891 1998 sollicita3
912 1931 1011 1987 nullus
1026 1933 1107 1988 locus

155 2021 302 2082 amicitiae.
343 2028 390 2081 53.
408 2022 486 2094 Quis
501 2022 580 2080 euim
595 2035 646 2080 aut
661 2042 729 2080 eum
745 2022 857 2101 diligat,
872 2044 960 2100 quem
975 2039 1105 2094 metuat;

154 2131 206 2178 aut
220 2139 298 2186 eum,
311 2138 329 2177 a
342 2137 402 2195 quo
415 2137 447 2175 se
462 2117 554 2176 metui
564 2118 671 2195 putetl
712 2118 861 2175 Coluntur
875 2131 975 2178 tamen
989 2119 1107 2179 simula·

153 2214 236 2272 tione
247 2213 390 2271 duntaxat
401 2211 439 2269 ad
449 2213 576 2290 tempus.
590 2257 592 2259 -
607 2211 699 2283 Quod
711 2212 736 2269 si
744 2212 829 2279 forte,
838 2224 870 2268 ut
878 2211 911 2267 fit
921 2213 1106 2288 plerumque,

154 2309 332 2378 ceciderint3
355 2321 418 2364 tum
439 2305 622 2384 intelligitur,
641 2326 729 2384 quam
745 2305 856 2363 fuerint
875 2305 979 2383 inopes
1001 2307 1107 2386 amico-

153 2423 230 2461 rum.
271 2401 362 2473 Quod
380 2401 576 2478 Tarquinium
593 2401 702 2459 dixisse
719 2400 827 2469 ferunt,
841 2412 904 2457 tum
921 2401 1107 2458 exsulantem

155 2517 190 2556 se
206 2497 396 2565 intellexisse,
411 2517 484 2574 quos
501 2495 575 2554 fidos
596 2497 706 2554 amicos
726 2495 887 2563 habuisset,
900 2515 974 2571 quos
990 2495 1107 2563 infidos,

156 2613 226 2652 oum
235 2593 300 2672 jam
313 2580 424 2650 neutris
439 2591 564 2668 gratiam
578 2591 690 2649 referre
701 2602 809 2668 posset.
850 2595 897 2648 54.
915 2573 1108 2666 Quamquam
1131 2585 1133 2590 ’

155 2687 321 2755 miror,an
334 2675 474 2764 superbia
487 2698 519 2742 et
527 2685 758 2764 importunitate,
771 2684 795 2742 si
806 2705 986 2761 quemquam
997 2685 1108 2743 habere

154 2781 261 2861 potuit.
302 2783 411 2856 Atque,
426 2793 459 2838 ut
472 2780 569 2859 hujus,
584 2799 673 2857 quem
690 2778 761 2848 dixi,
776 2795 873 2836 mores
891 2799 978 2837 veros
999 2781 1110 2838 amieos

155 2895 264 2954 parare
286 2894 342 2932 non
359 2887 528 2953 potueruut,
544 2874 586 2932 sie
607 2875 764 2932 multorum
786 2893 859 2950 opes
879 2857 1109 2952 praep'otentinm

157 2968 322 3028 excludunt
333 2969 476 3028 amicitias
484 2969 597 3027 fideles.
615 2989 618 2993 ’
629 2969 699 3027 Non
710 2969 789 3026 enim
799 2963 896 3025 solum
905 2968 969 3046 ipsa
978 2969 1110 3026 Fortuna

158 3085 240 3122 oaeca
263 3077 316 3134 est,
336 3064 390 3123 sed
411 3083 464 3122 eos
488 3064 577 3122 etiam
601 3065 777 3143 plerumque
801 3063 891 3120 efficit
915 3083 1018 3131 caecos,
1036 3083 1109 3138 quos

158 3160 317 3238 complexa
337 3172 389 3218 eat.
437 3158 542 3234 Itaque
563 3159 724 3216 efferuntur
740 3157 803 3216 fare
820 3156 938 3214 fastidio
959 3170 990 3216 et
1009 3170 1109 3214 contu-

156 3253 267 3311 macia:
285 3273 383 3330 neque
393 3253 557 3330 quidquam
567 3253 725 3331 insipiente
736 3253 883 3309 fortunato
894 3251 1108 3308 intolerabilius

156 3349 223 3406 fieri
234 3361 340 3427 potest.
375 3348 476 3425 Atque
486 3348 542 3406 hoo
553 3347 675 3426 quidem
685 3344 787 3404 videre
798 3346 876 3413 licet,
888 3365 947 3412 eos,
960 3344 1010 3420 qui
1022 3356 1110 3400 antea

157 3443 319 3501 commodis
340 3443 462 3502 fuerunt
482 3443 622 3511 moribus,
640 3439 777 3520 imperio,
791 3451 947 3517 potestate,
962 3436 1113 3514 prosperis·

155 3539 246 3596 rebus
263 3538 422 3606 immutari,
437 3537 538 3614 sperni
556 3536 643 3594 abiis
660 3548 776 3593 veteres
794 3531 946 3598 amicitias,
960 3529 1109 3606 indulgeri

154 3634 249 3693 novis.
300 3638 348 3690 55.
370 3631 454 3704 Quid
477 3645 574 3690 autem
598 3631 724 3698 stultius,
743 3647 840 3707 quam,
858 3645 925 3684 oum
946 3625 1109 3704 plurimum
1143 3648 1156 3654 ··

156 3728 261 3807 copiis,
282 3728 483 3796 facultatibus,
504 3727 611 3804 opibus
637 3724 759 3804 possint,
781 3735 880 3780 cetera
905 3739 1020 3798 parare,
1042 3739 1108 3796 quae

156 3835 299 3902 parantur
315 3822 455 3900 pecunia,
469 3840 570 3898 equos,
585 3819 719 3888 famulos,
733 3830 847 3876 vestem
864 3815 1025 3894 egregiam,
1038 3833 1111 3872 vasa
