2698 4508
201 445 244 502 74
545 460 578 500 Μ,
595 459 624 497 r.
641 457 804 498 cronnonre

203 591 287 651 etita
300 589 368 659 dici,
381 601 414 646 ut
429 588 635 666 probarentur,
650 608 686 646 an
705 588 763 645 alia
779 586 915 665 quaedam
933 599 1011 647 osset
1027 589 1153 659 erudita,

203 687 259 744 alia
276 685 425 762 popularis
443 683 554 742 oratio:
583 703 679 760 eoque
696 683 802 760 scripsi
819 682 970 752 libentius,
986 683 1064 760 quod
1081 683 1154 740 mihi

201 782 265 850 ista,
274 778 424 853 παράδοξα
435 798 500 855 quae
513 779 673 856 appellant,
684 778 813 836 maxime
824 777 1037 836 ridenturesse
1048 778 1153 836 Socra·
1230 773 1232 778 ’
1331 783 1335 796 ’

200 876 258 933 tica
274 876 424 950 longeque
441 872 599 932 verissima.
641 877 669 931 5.
688 871 830 950 Accipies
847 855 944 951 igitur*
955 875 1011 932 hoc
1028 893 1154 951 parvum

199 971 386 1046 opusculum,
400 969 586 1026 lucubratum
600 968 645 1025 his
658 968 721 1046 jam
736 969 982 1028 contractioribus
998 969 1152 1029 noctibus:

199 1064 339 1140 quoniam
357 1063 431 1122 illud
444 1064 592 1142 majorum
605 1064 776 1142 vigiliarum
793 1085 901 1124 munus
917 1065 948 1122 in
965 1077 1016 1124 tuo
1033 1065 1154 1124 nomine

199 1161 355 1238 apparuit:
374 1172 404 1218 et
414 1159 588 1237 degustabis
602 1180 696 1238 genus
709 1161 766 1218 hoc
781 1161 1030 1219 exercitationum
1042 1180 1155 1232 earum,

200 1253 307 1334 quibu's
331 1256 376 1314 uti
397 1255 549 1327 consuevi,
566 1275 656 1334 quum
682 1249 812 1334 eaquae
833 1256 972 1314 dicuutur
993 1256 1024 1314 iu
1048 1256 1157 1315 scholis

199 1353 316 1424 berturi,
328 1352 365 1410 ad
375 1364 511 1410 nostrum
520 1353 578 1410 hoc
590 1353 751 1410 oratorium
765 1353 912 1410 transfero
923 1351 1042 1409 dicendi
1054 1371 1156 1428 genus.
1233 1426 1236 1434 ,

201 1447 270 1506 Hoc
294 1461 393 1506 tamen
417 1467 491 1525 opus
515 1447 546 1502 in
568 1459 725 1524 acceptum
744 1458 777 1503 ut
800 1447 921 1515 referas,
938 1447 1011 1503 nihil
1027 1448 1155 1524 postule.
1210 1445 1243 1536 b
1282 1407 1294 1514 i

202 1543 272 1601 Non
289 1555 335 1601 est
351 1542 439 1611 enim,
457 1554 491 1599 ut
507 1541 537 1599 in
558 1561 627 1600 arce
644 1539 714 1619 poni
731 1540 834 1618 possit,
851 1541 934 1617 quasi
951 1541 1004 1598 illa
1020 1541 1157 1600 Minerva
1191 1515 1204 1615 i

202 1637 332 1711 Phidiae;
350 1637 405 1696 sed
418 1649 528 1706 tamen,
539 1648 572 1694 ut
586 1657 625 1694 ex
639 1635 746 1692 eadem
760 1634 876 1694 officina
890 1635 989 1694 exisse
1004 1619 1192 1714 appareatis
1205 1675 1237 1734 ff,

523 1936 796 1982 PARADOXON
818 1936 837 1980 Ι.

395 2027 452 2074 Ὀτι
461 2025 535 2091 μόνον
547 2025 639 2089 ἀγαθὸν
650 2024 678 2074 τὸ
690 2025 774 2074 καλόν.

400 2119 467 2179 Quod
477 2119 600 2170 honestum
611 2119 653 2178 ait,
665 2119 691 2172 id
702 2119 779 2168 colom
791 2118 876 2168 donam
887 2133 947 2167 csse.

244 2218 268 2277 I.
289 2221 317 2276 6.
333 2217 477 2289 Vennon,
492 2237 529 2275 ne
547 2217 595 2276 cui
612 2231 745 2276 vestrum
762 2238 801 2276 ex
819 2218 989 2277 Stoicorum
1005 2219 1158 2276 hominum

205 2313 462 2392 disputationibus,
473 2333 532 2370 non
546 2332 586 2370 ex
600 2333 668 2372 meo
682 2333 771 2370 sensu
782 2313 937 2391 depromta
949 2314 1014 2372 haec
1025 2313 1159 2372 videatur
1245 2331 1254 2348 ·

204 2410 313 2468 oratio:
332 2409 428 2468 dicam
442 2422 550 2476 tamen,
561 2407 641 2484 quod
654 2407 762 2478 senti03
782 2420 813 2466 et
822 2407 919 2465 dicam
930 2408 1057 2477 brevius,
1069 2427 1159 2484 quam

204 2523 253 2561 res
273 2516 355 2562 tanta
375 2504 435 2562 dici
452 2483 565 2581 posciti
607 2503 770 2579 Nunquam
790 2503 963 2560 mehercule
984 2521 1041 2578 ego
1059 2521 1158 2579 neque
1238 2565 1244 2586 A*
1278 2537 1294 2565 ,t

202 2600 347 2677 pecunias
356 2599 486 2667 istorum,
495 2617 592 2675 neque
602 2609 681 2656 tecta
689 2597 854 2675 magnilica,
862 2617 960 2674 neque
969 2615 1051 2674 opes,
1061 2617 1158 2675 neque
1167 2594 1199 2694 b
1210 2575 1266 2684 ᾗ,
1281 2646 1286 2665 ,

202 2691 337 2770 imperia,
352 2713 450 2770 neque
469 2713 529 2763 ees,
544 2694 651 2772 quibus
667 2693 798 2751 maxime
816 2692 946 2751 adstricti
964 2704 1040 2764 sunt,
1055 2695 1181 2772 volup-c
1210 2677 1232 2704 ¹³

203 2798 287 2856 tates,
305 2787 335 2846 in
353 2789 437 2846 bonis
457 2791 547 2848 rebus
572 2801 621 2848 aut
642 2789 817 2868 expetendis
838 2807 906 2846 esse
927 2787 1016 2845 duxi:
1047 2787 1177 2868 quippe'
1205 2781 1235 2844 ¹l

203 2902 295 2958 quum
306 2881 447 2953 viderem,
458 2884 593 2942 homines
607 2885 695 2942 rebus
705 2884 750 2942 his
761 2883 1001 2960 circumfluentes
1012 2902 1048 2940 ea
1057 2895 1167 2942 tamen

190 2976 374 3056 'desiderare
385 2979 525 3049 maxime,
535 2978 644 3058 quibus
658 2978 861 3038 abundarent*
891 2978 1003 3058 Neque
1015 2979 1096 3036 enim
1107 2999 1157 3037 ex-

203 3075 305 3151 pletur
314 3094 454 3151 unquam,
463 3096 520 3133 nec
530 3075 654 3134 satiatur
664 3075 832 3153 cupiditatis
846 3074 923 3133 sitis:
940 3095 1040 3151 neque
1051 3077 1157 3146 solum,
1186 3097 1193 3113 ³

204 3188 240 3225 ea
250 3169 300 3244 qui
311 3157 429 3239 habent,
439 3170 564 3229 libidine
574 3169 705 3248 eugendi
716 3171 894 3240 cruciantur,
905 3170 959 3231 sed
971 3171 1061 3228 etiam
1076 3171 1158 3229 amit·
1191 3155 1202 3212 ’Ῐ
1286 3165 1291 3174 ’

203 3263 285 3345 tendi
296 3242 402 3344 metui
429 3269 456 3322 7.
470 3265 506 3323 Iu
515 3285 575 3342 quo
587 3265 725 3343 equidem
737 3255 1055 3343 continentissimorum
1066 3243 1157 3326 hbmi·

202 3377 283 3429 num,
298 3360 444 3437 majorum
464 3372 641 3431 nostrorum,
656 3382 737 3440 saepe
758 3362 878 3439 requiro
893 3361 1094 3441 prudentiam,
1108 3362 1158 3440 qui

201 3453 265 3510 haec
287 3453 437 3512 imbecilla
457 3467 487 3512 et
508 3457 729 3514 commutabilia
748 3457 883 3535 pecuniae
905 3458 1047 3528 membra,
1066 3459 1157 3516 verbo

203 3547 294 3604 Bona
317 3561 499 3626 putaverunt
523 3551 711 3643 appellanda,
733 3571 825 3629 quum
849 3573 882 3611 re
907 3573 942 3612 ac
963 3553 1157 3636 factiqlonge

204 3642 292 3701 aliter
301 3643 525 3721 judicavissent.
539 3635 700 3708 lPotestne
711 3647 821 3705 bonum
833 3647 971 3725 cuiquem
980 3649 1061 3704 melo
1073 3647 1156 3704 esset
1168 3643 1173 3702 l

206 3750 256 3794 aut
269 3749 367 3816 potest
377 3739 534 3816 quisquam
545 3739 575 3797 in
591 3741 773 3799 abundantia
783 3743 927 3800 bonorum
938 3741 1002 3818 ipse
1017 3760 1083 3798 esse
1096 3758 1156 3796 non

204 3831 319 3893 bonust
337 3803 342 3891 i
360 3832 453 3911 Atqui
464 3834 519 3892 iste
531 3835 631 3892 omnia
644 3836 715 3893 talia
724 3835 870 3907 ridemus,
882 3847 915 3894 ut
926 3833 1015 3893 etiarn
1026 3834 1156 3913 improbi
