2698 4508
244 453 286 514 96
593 471 626 513 sr.
643 471 673 514 r.
684 433 854 514 'crcrroms

244 615 344 662 cetere
359 615 392 660 et
407 599 555 660 mirabilia
571 583 758 661 videbuntur
797 601 894 660 Erant
910 611 1013 660 eutem
1030 623 1074 662 eae
1091 606 1197 674 stellre,

243 717 315 776 ques
331 715 483 773 nunquam
497 715 537 755 ex
550 696 607 756 hoc
620 698 685 756 loco
698 695 843 754 vidimus:
865 707 899 754 et
915 713 959 755 eae
974 697 1198 775 magnitudines

242 790 384 860 omnium,
399 810 472 868 ques
486 809 553 850 esse
566 811 720 870 uunquam
736 790 877 869 suspicati
889 810 1010 852 sumus:
1034 812 1073 850 ex
1087 794 1197 870 quibus

241 897 355 944 ersten
369 886 500 955 minima,
513 907 580 966 quae
594 887 698 944 ultime
713 906 730 944 ε
744 887 831 955 coelo,
846 887 946 945 citime
960 887 1056 958 terris,
1070 889 1138 946 luce
1150 889 1195 947 lu·

240 981 327 1040 cebet
337 981 442 1040 elisue
483 981 643 1039 Stellarum
655 993 755 1039 eutem
765 981 847 1060 globi
857 993 945 1042 terres
956 983 1195 1062 magnitudinem

238 1075 326 1136 facile
342 1077 510 1135 vincebant.
550 1075 572 1134 J
573 1095 621 1134 sm
634 1077 699 1156 ipsc
715 1089 796 1136 terre
811 1077 854 1138 its
870 1077 942 1136 mihi
956 1097 1048 1158 parve
1058 1078 1122 1136 risu
1137 1069 1194 1150 est,

239 1185 273 1232 ut
289 1193 338 1232 ms
351 1170 472 1252 imperii
484 1171 585 1243 nostri,
599 1191 658 1250 quo
671 1173 757 1251 quusi
770 1185 914 1252 punctum
932 1174 996 1252 ejus
1013 1173 1194 1253 attingimus,

239 1269 408 1348 poeniteret.

281 1461 335 1519 IV.
347 1460 448 1534 Quem
457 1479 524 1519 cum
534 1458 629 1539 magis
639 1459 780 1532 intuerer,
787 1461 910 1532 Quaeso,
920 1461 1016 1538 iuquit
1023 1459 1194 1532 Africanus,

240 1575 393 1633 quousque
402 1555 485 1614 humi
493 1554 595 1615 defixa
606 1569 658 1615 tue
670 1573 755 1615 meus
769 1556 845 1616 eritl
862 1575 961 1615 nonne
976 1555 1114 1634 adspicis,
1126 1560 1194 1635 qu‘ae

239 1650 270 1710 in
287 1652 398 1728 temple
413 1651 550 1710 venerisl
570 1671 679 1714 novem
693 1651 748 1711 tibi
764 1651 893 1723 orbibus,
907 1652 956 1712 vel
969 1651 1069 1730 potius
1086 1651 1194 1730 globis,

240 1765 375 1804 connexa
388 1759 457 1806 sunt
471 1747 587 1806 omnis:
609 1762 737 1825 quorum
751 1763 827 1805 unus
841 1759 887 1805 est
900 1746 1038 1816 ooelesu's,
1053 1747 1194 1816 extimus,

238 1841 288 1919 qui
303 1842 435 1920 reliquos
452 1863 555 1902 omues
572 1842 790 1922 complectitur,
807 1861 940 1901 summus
956 1842 1020 1922 ipse
1036 1842 1131 1912 Deus,
1150 1861 1195 1900 er·

239 1957 308 1998 cens
326 1950 356 1996 et
373 1939 526 1997 continens
542 1951 673 2011 ceteroe3
694 1939 725 1997 in
740 1958 800 2016 quo
815 1937 900 1996 infixi
917 1951 986 1996 suut
1002 1937 1053 2008 illi,
1068 1937 1120 2016 qui
1133 1939 1193 1996 vol-

238 2045 352 2103 vuntur,
374 2036 527 2094 stellarum
551 2055 655 2094 cursus
678 2033 871 2114 sempiterni:
902 2033 951 2094 cui
973 2033 1101 2112 subjecti
1125 2045 1194 2092 sunt

238 2143 363 2210 septem,
375 2131 427 2208 qui
437 2143 593 2190 versentur
605 2143 686 2190 retro
699 2131 847 2190 contrario
862 2142 954 2201 motu,
966 2142 1054 2207 etque
1068 2131 1193 2188 coelum:

239 2246 257 2288 e
277 2226 385 2306 quibus
401 2246 494 2286 uuum
511 2227 634 2306 globum
653 2226 788 2305 possidet
804 2227 865 2298 ille,
880 2247 970 2305 quem
989 2226 1020 2284 in
1037 2223 1126 2284 terris
1141 2224 1193 2282 Su

239 2324 368 2383 turuiem
387 2315 556 2394 nemineum
579 2322 689 2381 deinde
712 2336 757 2382 εει
776 2323 929 2381 homiuum
946 2321 1050 2399 generi
1070 2339 1193 2399 prospe-

239 2439 289 2480 rus
306 2432 337 2479 et
351 2419 486 2478 salutaris
503 2419 553 2477 ille
567 2419 677 2497 fulgor,
691 2419 743 2496 qui
757 2418 863 2477 dicitur
875 2418 897 2476 J
899 2418 980 2477 oris:
1001 2431 1066 2475 tum
1079 2417 1194 2484 rutilus,

238 2515 447 2592 horribilisque
464 2514 559 2585 terris,
574 2534 664 2592 quem
684 2514 815 2572 Martem
833 2512 949 2571 dicitisr
971 2509 1078 2568 deinde
1091 2510 1195 2568 subter

237 2608 368 2670 mediam
387 2610 451 2669 fere
470 2610 624 2689 regionem
640 2610 685 2668 sol
707 2607 830 2677 obtinet,
847 2606 919 2676 dux,
942 2616 973 2664 et
993 2603 1142 2682 princeps,
1163 2615 1195 2664 et

238 2703 406 2764 moderator
419 2697 770 2783 luminum'reliquorum,
780 2689 866 2761 mens
880 2697 992 2766 muudi,
1002 2711 1033 2756 et
1047 2708 1193 2778 tempere·

237 2801 288 2870 tio,
303 2813 384 2860 tonte
397 2802 611 2881 magnitudine,
626 2813 659 2860 ut
672 2810 779 2860 cuncte
792 2818 847 2857 eus
859 2799 926 2853 luce
939 2793 1054 2861 lustret,
1070 2805 1101 2852 et
1114 2814 1193 2853 com·

238 2897 328 2976 pleat.
369 2897 462 2957 Hunc
476 2912 510 2958 ut
522 2898 645 2959 comites
659 2903 876 2970 consequuntur
883 2887 1013 2948 Veneris
1022 2889 1106 2957 ulter,
1118 2891 1194 2948 ulter

239 2993 384 3052 Mercurii
405 3015 527 3054 cursus:
548 2993 709 3067 infimoque
733 2988 805 3047 orbe
827 2986 923 3054 Luno,
937 2983 1029 3042 radiis
1052 2984 1122 3042 solis
1146 3001 1193 3044 ec·

239 3109 338 3160 censo,
347 3090 537 3149 convertitur.
572 3087 652 3145 Infra
665 3095 767 3142 eutem
777 3082 842 3160 jem
853 3078 928 3138 nihil
938 3092 992 3148 est,
1002 3079 1058 3137 nisi
1070 3082 1194 3139 mortele

241 3197 272 3244 ει
295 3185 450 3253 caducum,
474 3195 585 3262 praeter
608 3180 720 3238 enimes
741 3195 865 3236 munere
889 3175 1013 3234 deorum
1037 3176 1195 3234 hominum

241 3279 345 3359 generi
362 3280 465 3340 datos:
487 3297 577 3356 supro
593 3278 694 3334 lunum
711 3283 779 3332 sunt
794 3284 908 3332 reterns
924 3270 1041 3330 omnis:
1063 3291 1131 3330 uem
1149 3291 1194 3341 es,

242 3397 308 3455 quoe
324 3389 368 3435 est
382 3374 481 3434 medis
498 3386 529 3434 et
543 3391 630 3442 nous,
648 3370 760 3440 Tellus,
774 3387 873 3447 neque
888 3380 1035 3438 movetur,
1049 3379 1080 3426 et
1093 3367 1196 3425 infime

241 3484 296 3544 est,
311 3472 385 3532 etin
400 3491 466 3530 sem
479 3469 614 3528 feruntur
626 3466 725 3527 omnia
737 3484 792 3524 suo
807 3475 884 3523 nutu
898 3463 1040 3543 pondera.

281 3664 322 3724 V.
349 3663 429 3736 Ques
454 3679 523 3721 cum
546 3660 680 3722 intuerer
701 3670 833 3739 stupens,
857 3668 891 3716 ut
913 3677 962 3717 ms
985 3653 1096 3733 recepi,
1118 3651 1196 3723 Quis

242 3759 301 3831 hic,
318 3760 449 3838 inquam,
463 3758 528 3836 quis
549 3769 603 3828 est,
621 3755 673 3833 qui
690 3755 820 3833 complet
840 3772 925 3812 sures
942 3770 1033 3818 mess,
1047 3758 1145 3805 tentus
1165 3755 1198 3804 et

242 3868 305 3915 tam
326 3854 425 3916 dulcis
447 3853 556 3914 sonusl
605 3851 667 3910 Hic
691 3861 744 3920 est,
761 3848 859 3926 lnquit
882 3849 942 3916 ille,
960 3845 1011 3923 qui
1033 3841 1197 3902 intervallis

1340 577 1345 612 l
