2664 4508
224 457 268 516 46
497 471 531 513 u.
547 471 578 514 r.
594 469 759 513 arceamus
777 469 907 522 uanius,

227 602 353 663 ardescit
363 602 578 662 benevolentia
589 601 772 680 magnitudo.
814 601 916 672 Quam
927 599 1013 678 siqui
1024 613 1129 678 putam
1140 603 1178 662 ab

226 697 425 756 imbecillitate
442 697 597 774 proficisci,
612 710 645 755 ut
664 696 710 766 eit,
725 717 882 776 perquem
900 711 1082 772 assequatur,
1098 697 1177 774 quod

226 793 350 869 quisque
367 792 535 864 desideret;
557 792 700 851 humilem
721 813 793 852 eane
813 793 992 870 relinquunt,
1008 805 1038 850 et
1054 793 1178 852 minime

225 906 410 964 generosum,
426 900 459 945 ut
473 888 515 946 ita
529 887 634 957 dicam,
650 901 747 946 ortum
761 887 908 957 amicitiae,
920 907 1008 964 quam
1023 907 1062 946 ex
1072 879 1178 966 inopia

226 993 315 1057 atque
337 981 502 1060 indigentia
524 995 624 1040 natam
645 984 757 1044 volunt.
806 981 898 1054 Quod
918 982 944 1040 si
960 982 1002 1041 ita
1022 994 1118 1053 esset3
1146 994 1180 1041 ut

226 1076 351 1154 quiaque
366 1077 521 1136 minimum
531 1078 563 1136 in
577 1097 610 1136 ee
623 1097 690 1136 esse
705 1077 905 1147 arbitraretur,
916 1077 958 1136 ita
970 1076 1008 1135 ad
1019 1077 1179 1136 amicitiam
1247 1091 1249 1096 ’

226 1184 306 1229 esset
327 1171 517 1249 aptissimus:
546 1173 625 1249 quod
645 1173 736 1250 longe
758 1192 844 1230 secus
866 1185 919 1230 est.
967 1177 1014 1230 30.
1034 1173 1078 1230 Ut
1099 1173 1180 1230 euim

227 1266 354 1343 quisque
379 1267 437 1326 sibi
459 1267 775 1345 plurimum-confidit,
794 1280 828 1327 et
847 1259 880 1326 ut
902 1267 1026 1344 quisque
1050 1268 1180 1326 maxime

227 1361 337 1422 virtute
351 1375 382 1420 et
395 1363 542 1442 sapientia
554 1363 597 1422 sic
611 1363 740 1422 munitus
755 1375 809 1432 est,
818 1375 850 1422 ut
863 1364 945 1421 nullo
959 1377 1056 1440 egeat,
1068 1383 1180 1440 suaque

228 1457 327 1516 omnia
337 1457 368 1514 in
381 1477 414 1515 se
424 1459 489 1536 ipso
501 1459 598 1536 posita
605 1458 739 1535 judicem
757 1457 798 1518 ita
808 1458 838 1516 in
853 1457 990 1516 amicitiis
1004 1459 1180 1535 expetendis

228 1551 421 1626 colendisque
442 1553 571 1609 maxime
592 1551 721 1609 excellit.
760 1537 852 1621 *Quid
873 1551 975 1609 eniml
1019 1552 1180 1611 Africanus

228 1644 366 1722 indigens
381 1645 461 1702 mail
503 1645 629 1702 Minime
639 1643 757 1704 hercle!
777 1664 811 1702 ae
825 1665 864 1702 ne
878 1663 936 1720 ego
948 1645 1069 1722 quidem
1080 1647 1180 1706 illiue:

227 1737 281 1796 sed
303 1757 362 1815 ego
382 1737 579 1796 admiratione
599 1738 729 1814 quadam
750 1737 865 1798 virtutis
886 1740 961 1816 ejus,
979 1741 1030 1798 ille
1052 1741 1181 1800 vicissim

229 1833 368 1910 opinione
382 1832 505 1892 fortasse
521 1834 672 1902 nonnulla,
686 1852 775 1910 quam
793 1833 831 1892 de
848 1833 924 1896 meis
941 1835 1073 1894 moribus
1089 1837 1179 1894 habe·

227 1927 286 1996 bat,
304 1947 353 1984 me
374 1927 496 1997 dilexit3
526 1928 609 1986 auxit
626 1929 863 1987 benevolentiam
884 1931 1077 1994 consuetudo.
1119 1931 1181 1990 Sed

228 2041 405 2100 quamquam
416 2022 558 2082 utilitates
572 2024 674 2082 multae
686 2036 717 2082 et
727 2044 844 2102 magnae
856 2039 1023 2084 consecutae
1034 2039 1110 2096 sunt,
1122 2047 1181 2086 non

228 2129 297 2176 sunt
310 2131 408 2176 tamen
427 2118 464 2175 ab
479 2138 582 2176 earum
598 2139 653 2197 spe
669 2139 766 2178 causae
781 2120 925 2199 diligendi
939 2122 1092 2200 profectae.
1133 2127 1181 2182 31.

227 2213 271 2273 Ut
295 2213 374 2272 enim
395 2213 523 2272 benefici
540 2215 737 2292 liberalesque
763 2237 873 2288 sumus,
890 2237 949 2276 nou
971 2231 1003 2276 ut
1026 2218 1181 2295 exigamus

229 2310 354 2390 gratiam
374 2310 580 2388 (nequeenim
593 2311 771 2378 beneficium
787 2311 985 2383 foeneramur3
1006 2313 1059 2370 sed
1077 2326 1182 2372 natura

229 2407 370 2486 propensi
385 2407 422 2466 ad
436 2391 643 2468 liberalitatem
660 2407 790 2482 sumus);
812 2407 855 2464 aie
870 2406 1037 2474 amicitiam,
1052 2426 1112 2464 non
1128 2426 1182 2485 spe

229 2501 377 2560 mercedis
400 2501 526 2569 adducti,
548 2500 600 2558 sed
622 2499 702 2578 quod
725 2500 820 2558 omnis
843 2501 909 2579 ejus
929 2500 1042 2558 fructus
1064 2501 1181 2579 inipso

230 2618 331 2659 amore
349 2598 434 2667 inest,
449 2595 647 2674 expetendam
664 2608 810 2674 putamus.
850 2601 898 2656 32.
914 2597 958 2652 At
974 2594 1004 2664 ii,
1023 2595 1074 2672 qui
1091 2617 1181 2674 pecu-

150 2756 158 2776 !
229 2693 301 2750 dum
325 2692 383 2749 ritu
409 2691 448 2750 ad
467 2693 648 2768 voluptatem
672 2690 771 2753 onmia
793 2690 937 2759 referunt,
956 2691 1045 2768 longe
1067 2691 1181 2750 disson„

229 2786 318 2856 tiunt;
340 2807 396 2845 nec
410 2786 536 2844 mirum:
555 2786 629 2844 nihil
643 2786 722 2844 enim
738 2786 839 2855 altum,
853 2785 926 2842 nihil
941 2786 1133 2863 magnificum
1147 2807 1182 2846 ao

230 2880 363 2939 divinum
384 2881 535 2960 suspicere
556 2893 688 2960 possunt,
705 2879 755 2956 qui
776 2900 844 2939 suas
866 2900 969 2940 omnes
990 2881 1181 2960 cogitationes

230 2976 402 3054 abjecerunt
429 2976 459 3034 in
488 2996 552 3034 rem
581 2988 643 3034 tam
668 2975 821 3044 humilem,
847 2988 966 3053 tamque
994 2989 1180 3036 contemtum.

231 3070 438 3142 Quamobrem
455 3071 508 3130 hos
525 3060 645 3147 quidem
667 3069 776 3126 abhoc
797 3089 934 3127 sermone
954 3090 1179 3130 removeamus:

229 3167 288 3244 ipsi
309 3181 407 3225 autem
428 3165 636 3243 intelligamus,
652 3177 758 3222 natura
781 3165 865 3242 gigni
887 3186 1005 3224 sensum
1029 3167 1181 3245 diligendi,

231 3274 261 3319 et
274 3261 488 3319 benevolentiae
505 3257 758 3328 caritatem,'facta
774 3259 987 3336 significatione
1005 3262 1181 3340 probitatis:

233 3376 321 3434 quam
338 3357 389 3431 qui
407 3355 624 3434 appetiverunt,
642 3354 791 3432 applicant
810 3375 877 3414 aeae
894 3368 924 3414 et
939 3357 1064 3435 propius
1082 3358 1183 3416 admo-

231 3464 308 3518 vent,
323 3463 355 3508 ut
371 3463 401 3508 et
418 3470 474 3516 usu
487 3451 561 3528 ejus,
577 3469 667 3526 quem
680 3449 811 3527 diligere,¹
822 3465 987 3528 caeperunt,
1001 3451 1137 3515 fruantur
1153 3464 1184 3512 et

231 3545 374 3614 moribus,
391 3545 507 3621 sintque
524 3565 613 3624 paree
629 3545 660 3602 in
675 3563 781 3608 amore
802 3558 831 3606 et
851 3548 992 3624 aequalee,
1010 3546 1183 3625 propensio·

231 3659 339 3717 resque
350 3640 387 3698 ad
395 3641 473 3698 bena
483 3632 669 3711 merendum,
679 3659 767 3717 quam
779 3639 816 3698 ad
825 3642 1049 3718 reposcendum.
1083 3643 1184 3718 Atque

232 3735 298 3794 haec
319 3734 397 3796 inter
419 3753 471 3794 eos
492 3734 524 3794 lit
539 3735 662 3794 honesta
684 3736 814 3798 certatio.
855 3735 904 3794 Sic
926 3748 957 3794 et
976 3735 1119 3792 utilitates
1145 3755 1185 3798 ex

233 3829 367 3891 amicitia
386 3829 517 3890 maxime
538 3829 709 3908 capientur3
736 3842 767 3888 et
784 3830 840 3888 erit
857 3830 921 3906 ejus
941 3841 1022 3888 ortus
1038 3841 1185 3899 aratura,
