2698 4508
197 461 257 521 1os
518 471 665 520 ceuurmr
684 469 816 514 suroris

193 608 258 666 lere
278 603 497 664 similitudinem
515 623 643 672 morum,
656 622 749 680 quam
770 601 952 660 affinitatem:
992 599 1142 660 Utebatur

194 714 293 760 autem
308 700 411 758 intime
428 698 470 770 Q.
479 697 651 768 Hortensio,
665 697 715 773 qni
728 697 775 754 his
795 694 977 774 temporibus
994 695 1140 774 principa·

193 809 257 856 turn
271 793 446 872 eloquentius
462 793 591 864 tenebat,
606 805 638 851 ut
650 791 774 870 intelligi
788 810 847 848 non
864 802 973 870 posset,
987 803 1055 849 uter
1070 809 1140 849 eum

192 894 260 973 plus
282 891 428 969 diligeret,
443 890 561 960 Cicero,
580 909 618 947 an
639 885 836 946 Hortensiana
867 897 897 944 et
917 884 958 955 id,
976 883 1056 962 quod
1077 897 1141 945 erat

193 986 408 1055 difficillimum,
423 984 577 1054 efficiebat,
591 995 634 1052 ut,
648 983 725 1042 inter
741 1001 816 1058 quos
838 993 928 1039 tantae
944 979 1041 1039 laudis
1061 992 1140 1040 esset

193 1080 349 1149 emulatio,
363 1080 447 1138 nulla
463 1078 661 1138 intercederet
680 1074 863 1147 obtrectatio,
878 1087 1015 1152 essetque
1034 1075 1139 1132 talium

192 1176 321 1235 virorum
335 1175 450 1253 copule.

233 1366 288 1424 VI.
312 1365 347 1423 In
367 1363 522 1444 republica
541 1363 583 1422 ita
602 1375 733 1422 versatas
752 1374 807 1433 ast,
823 1373 857 1419 ut
878 1377 998 1440 semper
1016 1360 1139 1439 optima·

194 1481 259 1518 rum
277 1460 404 1538 partium
424 1471 454 1518 et
473 1468 553 1516 esset
572 1469 603 1516 et
622 1455 847 1526 existimaretur,
864 1473 964 1534 neque
985 1468 1085 1515 tamen
1106 1475 1140 1514 se

195 1555 330 1612 civilibus
340 1552 477 1611 fluctibus
492 1551 695 1619 committeret,
707 1549 786 1630 quod
796 1568 855 1608 non
868 1550 964 1628 magis
978 1570 1030 1610 eos
1042 1550 1072 1608 in
1085 1569 1141 1609 sua

194 1658 340 1726 potestate
353 1644 542 1703 existimabat
554 1663 630 1712 esse,
645 1643 696 1721 qui
710 1663 742 1702 se
756 1643 802 1703 bis
815 1643 974 1715 dedissent,
986 1664 1074 1722 quam
1088 1642 1141 1722 qui

194 1739 349 1798 maritimis
359 1740 552 1817 jactarentur.
592 1737 732 1796 Honores
741 1757 802 1797 non
812 1738 905 1817 petiit,
917 1758 1008 1818 quum
1018 1739 1048 1797 ei
1056 1752 1141 1818 pate-

194 1847 260 1891 rent
272 1846 396 1913 propter
405 1832 594 1911 relgratiam
604 1834 653 1891 vel
664 1832 857 1911 dignitatem:
875 1832 956 1910 quod
967 1851 1064 1910 neque
1078 1833 1143 1912 peti

195 1947 278 1986 more
293 1928 448 2005 majorum,
457 1947 557 2005 neque
570 1927 635 2006 capi
646 1940 767 2006 possent
779 1925 961 1987 conservatis
974 1927 1100 2006 legibus,
1111 1927 1142 1988 iu

195 2035 257 2080 tarn
274 2023 374 2081 effusis
389 2022 517 2082 ambitus
530 2022 743 2100 largitionibus,
757 2041 856 2100 neque
873 2021 938 2101 geri
954 2042 972 2081 e
988 2023 1144 2102 republica

196 2117 260 2176 ine
270 2118 415 2195 periculo,
424 2117 569 2198 corruptis
578 2115 703 2177 civitatis
715 2117 854 2176 monbna.
884 2115 935 2176 Ad
946 2118 1058 2177 hastam
1068 2118 1143 2197 pub·

196 2212 285 2271 licam
297 2233 448 2292 nunquam
464 2212 598 2272 accessit.
639 2211 760 2272 Nullius
775 2212 820 2270 rei
833 2231 930 2290 neque
945 2231 1143 2291 pressaeque

196 2327 337 2388 manceps
351 2307 444 2368 famus
458 2321 510 2368 est.
551 2307 713 2368 Neminem
726 2327 826 2386 nsque
838 2327 893 2366 suo
906 2307 1034 2378 nomine,
1045 2323 1143 2384 neque

197 2405 393 2475 subscribens,
409 2403 564 2464 accusavit.
605 2403 642 2460 In
659 2403 710 2480 jus
731 2402 771 2461 de
794 2423 848 2461 sna
867 2421 901 2460 re
921 2421 1069 2479 nunquam
1098 2399 1142 2470 iit,

197 2500 346 2578 judicium
358 2500 472 2558 nullum
483 2498 591 2555 babuit
632 2496 795 2557 Multorum
806 2498 962 2556 consulum
971 2507 1143 2576 presterum

197 2613 254 2669 que
270 2593 464 2670 praefecturas
481 2591 594 2649 delatas
615 2590 657 2648 sic
678 2590 803 2668 accepit,
817 2603 852 2650 ut
866 2591 1017 2650 neminem
1030 2591 1061 2649 in
1078 2611 1144 2670 pro·

196 2686 325 2743 vinciam
339 2685 378 2743 sit
391 2698 519 2755 secutus,
532 2686 645 2742 honore
657 2683 746 2742 fuerit
758 2696 921 2756 contentus,
934 2686 981 2745 rei
992 2686 1145 2745 familiaris

198 2778 371 2856 despexerit
393 2779 540 2838 fructum:
569 2779 621 2856 qui
641 2799 680 2837 ne
705 2798 772 2838 curn
792 2779 833 2852 Q.
851 2780 972 2858 quidem
997 2781 1145 2841 Cicerone

197 2872 323 2932 voluerit
337 2872 381 2930 ire
395 2873 425 2930 in
439 2873 553 2944 Asiam,
568 2893 660 2951 quum
676 2872 755 2952 apud
770 2893 839 2933 eum
852 2875 943 2954 legati
957 2877 1057 2935 locum
1071 2875 1145 2934 obti-

198 2987 271 3026 nere
292 2979 401 3045 posset.
450 2966 520 3026 Non
541 2966 620 3028 enirn
642 2966 750 3028 decere
771 2988 804 3028 se
829 2970 1033 3042 arbitrabatur,
1055 2989 1145 3048 quum

198 3075 357 3142 praeturam
371 3081 476 3141 gerere
489 3061 643 3133 noluisset,
658 3065 801 3123 asseclam
815 3084 880 3124 esse
893 3067 1038 3145 praetoris.
1075 3066 1146 3139 Qua

199 3158 230 3214 in
246 3177 279 3216 re
295 3178 355 3216 non
372 3159 469 3217 solum
483 3156 620 3235 dignitati
636 3158 794 3229 seniebat,
808 3159 967 3219 sedetiam
982 3161 1146 3240 tranquilli·

199 3254 261 3323 tati,
280 3274 371 3331 quum
393 3252 578 3332 suspiciones
602 3273 720 3331 quoque
742 3253 848 3313 ritaret
870 3255 1034 3316 criminum.
1075 3257 1147 3329 Quo

200 3348 298 3417 fiebat,
308 3360 341 3406 ut
352 3349 416 3427 ejus
423 3347 611 3408 observantia
621 3348 756 3408 omnibus
771 3361 852 3408 esset
862 3350 964 3422 carior,
974 3371 1066 3430 quum
1080 3373 1148 3413 eam

201 3441 308 3512 officio,
321 3462 382 3501 non
395 3443 493 3503 timori
506 3460 607 3522 neque
620 3444 687 3523 spei
699 3444 792 3504 tribui
802 3444 947 3505 riderent.

242 3631 315 3689 VII.
335 3633 447 3693 Incidit
461 3633 663 3694 Gaesananum
680 3633 768 3692 civile
782 3635 903 3707 bellum,
917 3657 1008 3714 quum
1025 3637 1150 3698 baberet

204 3747 294 3788 annos
305 3727 423 3796 circiter
432 3729 596 3808 sexaginta.
629 3727 710 3789 Usus
718 3742 765 3788 est
774 3730 867 3788 tetafis
876 3731 1041 3802 vacatione,
1050 3749 1150 3810 neque

204 3843 237 3882 se
264 3842 414 3904 quoquam
441 3824 534 3884 morit
556 3843 595 3885 ex
621 3825 705 3884 urbe.
756 3824 835 3896 Qua
859 3825 961 3886 amicis
987 3826 1049 3885 suis
1074 3846 1150 3906 opus
